<?xml version="1.0" encoding="UTF-8"?>
<!DOCTYPE html PUBLIC "-//W3C//DTD XHTML 1.0 Transitional//EN"
    "http://www.w3.org/TR/xhtml1/DTD/xhtml1-transitional.dtd">
<html xmlns="http://www.w3.org/1999/xhtml" xml:lang="en" lang="en">
 <head>
  <title>
</title>
<meta http-equiv="Content-Type" content="text/html;charset=utf-8" />
  <meta name='ocr-system' content='tesseract 3.04.00' />
  <meta name='ocr-capabilities' content='ocr_page ocr_carea ocr_par ocr_line ocrx_word'/>
</head>
<body>
  <div class='ocr_page' id='page_1' title='image "./mtulliiciceroni00fabrgoog/mtulliiciceroni00fabrgoog_0419.png"; bbox 0 0 3336 5596; ppageno 0'>
   <div class='ocr_carea' id='block_1_1' title="bbox 282 334 1282 420">
    <p class='ocr_par' dir='ltr' id='par_1_1' title="bbox 282 334 1282 420">
     <span class='ocr_line' id='line_1_1' title="bbox 282 334 1282 420; baseline -0.002 -21"><span class='ocrx_word' id='word_1_1' title='bbox 282 334 345 400; x_wconf 71' lang='lat'>408</span> <span class='ocrx_word' id='word_1_2' title='bbox 685 337 728 420; x_wconf 85' lang='lat' dir='ltr'>Q.</span> <span class='ocrx_word' id='word_1_3' title='bbox 746 337 926 403; x_wconf 81' lang='lat' dir='ltr'>MUCIUS</span> <span class='ocrx_word' id='word_1_4' title='bbox 949 335 1216 416; x_wconf 87' lang='lat' dir='ltr'>SCAEVOLA.</span> <span class='ocrx_word' id='word_1_5' title='bbox 1279 386 1282 397; x_wconf 87' lang='lat'>.</span> 
     </span>
    </p>
   </div>
   <div class='ocr_carea' id='block_1_2' title="bbox 278 462 1610 700">
    <p class='ocr_par' dir='ltr' id='par_1_2' title="bbox 278 462 1610 700">
     <span class='ocr_line' id='line_1_2' title="bbox 279 462 1608 555; baseline 0.005 -22"><span class='ocrx_word' id='word_1_6' title='bbox 279 479 396 534; x_wconf 88' lang='lat' dir='ltr'>ctrinae</span> <span class='ocrx_word' id='word_1_7' title='bbox 422 487 469 535; x_wconf 86' lang='lat' dir='ltr'>est</span> <span class='ocrx_word' id='word_1_8' title='bbox 497 477 667 536; x_wconf 83' lang='lat' dir='ltr'>diversitas.</span> <span class='ocrx_word' id='word_1_9' title='bbox 709 481 836 536; x_wconf 90' lang='lat' dir='ltr'>Asconii</span> <span class='ocrx_word' id='word_1_10' title='bbox 862 476 936 536; x_wconf 85' lang='lat' dir='ltr'>fides</span> <span class='ocrx_word' id='word_1_11' title='bbox 965 498 1048 545; x_wconf 84' lang='lat' dir='ltr'>ram,</span> <span class='ocrx_word' id='word_1_12' title='bbox 1069 478 1111 536; x_wconf 88' lang='grc' dir='ltr'>Μ.</span> <span class='ocrx_word' id='word_1_13' title='bbox 1132 479 1291 539; x_wconf 85' lang='lat' dir='ltr'>Aemilium</span> <span class='ocrx_word' id='word_1_14' title='bbox 1313 476 1466 547; x_wconf 84' lang='lat' dir='ltr'>Scaurum,</span> <span class='ocrx_word' id='word_1_15' title='bbox 1483 483 1569 555; x_wconf 86' lang='lat' dir='ltr'>princi-</span> <span class='ocrx_word' id='word_1_16' title='bbox 1607 462 1608 507; x_wconf 73' lang='lat'>3</span> 
     </span>
     <span class='ocr_line' id='line_1_3' title="bbox 278 550 1610 631; baseline 0.003 -24"><span class='ocrx_word' id='word_1_17' title='bbox 278 550 419 627; x_wconf 88' lang='lat' dir='ltr'>probata,</span> <span class='ocrx_word' id='word_1_18' title='bbox 445 556 514 611; x_wconf 89' lang='lat' dir='ltr'>huic</span> <span class='ocrx_word' id='word_1_19' title='bbox 535 555 695 630; x_wconf 82' lang='lat' dir='ltr'>interpreti</span> <span class='ocrx_word' id='word_1_20' title='bbox 715 567 800 610; x_wconf 88' lang='lat' dir='ltr'>cante</span> <span class='ocrx_word' id='word_1_21' title='bbox 821 565 936 611; x_wconf 90' lang='lat' dir='ltr'>tantum</span> <span class='ocrx_word' id='word_1_22' title='bbox 966 575 1032 630; x_wconf 89' lang='lat' dir='ltr'>pem</span> <span class='ocrx_word' id='word_1_23' title='bbox 1053 564 1187 627; x_wconf 81' lang='lat' dir='ltr'>senatus,</span> <span class='ocrx_word' id='word_1_24' title='bbox 1210 555 1260 631; x_wconf 91' lang='lat' dir='ltr'>qui</span> <span class='ocrx_word' id='word_1_25' title='bbox 1281 573 1348 610; x_wconf 90' lang='lat' dir='ltr'>cum</span> <span class='ocrx_word' id='word_1_26' title='bbox 1367 574 1479 612; x_wconf 82' lang='lat' dir='ltr'>aunon.</span> <span class='ocrx_word' id='word_1_27' title='bbox 1492 562 1571 617; x_wconf 72' lang='lat' dir='ltr'>citt.</span> <span class='ocrx_word' id='word_1_28' title='bbox 1609 606 1610 611; x_wconf 73' lang='grc'><em>,</em></span> 
     </span>
     <span class='ocr_line' id='line_1_4' title="bbox 279 628 1573 700; baseline 0.003 -17"><span class='ocrx_word' id='word_1_29' title='bbox 279 628 463 686; x_wconf 89' lang='lat' dir='ltr'>credendum</span> <span class='ocrx_word' id='word_1_30' title='bbox 483 640 540 700; x_wconf 89' lang='lat' dir='ltr'>est,</span> <span class='ocrx_word' id='word_1_31' title='bbox 565 632 622 686; x_wconf 89' lang='lat' dir='ltr'>nisi</span> <span class='ocrx_word' id='word_1_32' title='bbox 640 648 708 685; x_wconf 90' lang='lat' dir='ltr'>cum</span> <span class='ocrx_word' id='word_1_33' title='bbox 725 632 793 686; x_wconf 78' lang='lat' dir='ltr'>viro</span> <span class='ocrx_word' id='word_1_34' title='bbox 813 628 850 685; x_wconf 84' lang='lat' dir='ltr'>ah</span> <span class='ocrx_word' id='word_1_35' title='bbox 870 629 935 685; x_wconf 91' lang='lat' dir='ltr'>aliis</span> <span class='ocrx_word' id='word_1_36' title='bbox 965 630 1071 687; x_wconf 91' lang='lat' dir='ltr'>consul</span> <span class='ocrx_word' id='word_1_37' title='bbox 1091 631 1208 695; x_wconf 86' lang='lat' dir='ltr'>fuisset,</span> <span class='ocrx_word' id='word_1_38' title='bbox 1231 648 1310 686; x_wconf 90' lang='lat' dir='ltr'>auno</span> <span class='ocrx_word' id='word_1_39' title='bbox 1324 632 1389 689; x_wconf 65' lang='lat' dir='ltr'>fild.</span> <span class='ocrx_word' id='word_1_40' title='bbox 1411 649 1471 687; x_wconf 85' lang='lat' dir='ltr'>cuna</span> <span class='ocrx_word' id='word_1_41' title='bbox 1481 630 1511 686; x_wconf 90' lang='lat' dir='ltr'>L.</span> <span class='ocrx_word' id='word_1_42' title='bbox 1523 632 1573 688; x_wconf 80' lang='lat' dir='ltr'>cat-</span> 
     </span>
    </p>
   </div>
   <div class='ocr_carea' id='block_1_3' title="bbox 172 703 1612 781">
    <p class='ocr_par' dir='ltr' id='par_1_3' title="bbox 172 703 1612 781">
     <span class='ocr_line' id='line_1_5' title="bbox 172 703 1612 781; baseline 0.001 -22"><span class='ocrx_word' id='word_1_43' title='bbox 172 758 175 765; x_wconf 70' lang='lat'>,</span> <span class='ocrx_word' id='word_1_44' title='bbox 276 703 400 761; x_wconf 89' lang='lat' dir='ltr'>laudato</span> <span class='ocrx_word' id='word_1_45' title='bbox 426 704 577 761; x_wconf 87' lang='lat' dir='ltr'>interdum</span> <span class='ocrx_word' id='word_1_46' title='bbox 600 724 702 761; x_wconf 86' lang='lat' dir='ltr'>errare</span> <span class='ocrx_word' id='word_1_47' title='bbox 726 705 810 763; x_wconf 85' lang='lat' dir='ltr'>velis.</span> <span class='ocrx_word' id='word_1_48' title='bbox 848 705 935 762; x_wconf 79' lang='lat' dir='ltr'>Itane</span> <span class='ocrx_word' id='word_1_49' title='bbox 965 705 1189 781; x_wconf 82' lang='lat' dir='ltr'>purmoBestia</span> <span class='ocrx_word' id='word_1_50' title='bbox 1210 704 1326 779; x_wconf 85' lang='lat' dir='ltr'>legatus</span> <span class='ocrx_word' id='word_1_51' title='bbox 1348 706 1574 780; x_wconf 87' lang='lat' dir='ltr'>inAfrieampro·</span> <span class='ocrx_word' id='word_1_52' title='bbox 1611 750 1612 761; x_wconf 72' lang='lat'>.</span> 
     </span>
    </p>
   </div>
   <div class='ocr_carea' id='block_1_4' title="bbox 277 779 1633 3724">
    <p class='ocr_par' dir='ltr' id='par_1_4' title="bbox 277 779 1633 3724">
     <span class='ocr_line' id='line_1_6' title="bbox 278 779 1613 839; baseline 0.002 -5"><span class='ocrx_word' id='word_1_53' title='bbox 278 797 375 837; x_wconf 89' lang='lat' dir='ltr'>meam</span> <span class='ocrx_word' id='word_1_54' title='bbox 395 784 575 839; x_wconf 84' lang='lat' dir='ltr'>senteutiam</span> <span class='ocrx_word' id='word_1_55' title='bbox 595 781 760 837; x_wconf 84' lang='lat' dir='ltr'>acutissimi</span> <span class='ocrx_word' id='word_1_56' title='bbox 777 779 934 838; x_wconf 88' lang='lat' dir='ltr'>Niebuhrii</span> <span class='ocrx_word' id='word_1_57' title='bbox 965 784 1059 838; x_wconf 89' lang='lat' dir='ltr'>fectus</span> <span class='ocrx_word' id='word_1_58' title='bbox 1077 792 1132 837; x_wconf 91' lang='lat' dir='ltr'>est.</span> <span class='ocrx_word' id='word_1_59' title='bbox 1161 781 1206 836; x_wconf 89' lang='lat' dir='ltr'>Ne</span> <span class='ocrx_word' id='word_1_60' title='bbox 1230 799 1266 837; x_wconf 92' lang='lat' dir='ltr'>ne</span> <span class='ocrx_word' id='word_1_61' title='bbox 1287 779 1392 837; x_wconf 91' lang='lat' dir='ltr'>idonea</span> <span class='ocrx_word' id='word_1_62' title='bbox 1412 782 1576 838; x_wconf 86' lang='lat' dir='ltr'>causadelnit</span> <span class='ocrx_word' id='word_1_63' title='bbox 1612 822 1613 835; x_wconf 79' lang='lat'>.</span> 
     </span>
     <span class='ocr_line' id='line_1_7' title="bbox 281 801 1614 933; baseline 0.002 -25"><span class='ocrx_word' id='word_1_64' title='bbox 281 859 446 913; x_wconf 88' lang='lat' dir='ltr'>auctoritas</span> <span class='ocrx_word' id='word_1_65' title='bbox 466 855 578 922; x_wconf 83' lang='lat' dir='ltr'>firmat,</span> <span class='ocrx_word' id='word_1_66' title='bbox 600 872 687 933; x_wconf 88' lang='lat' dir='ltr'>quem</span> <span class='ocrx_word' id='word_1_67' title='bbox 707 858 783 912; x_wconf 89' lang='lat' dir='ltr'>idem</span> <span class='ocrx_word' id='word_1_68' title='bbox 803 859 934 912; x_wconf 72' lang='lat' dir='ltr'>sensisse</span> <span class='ocrx_word' id='word_1_69' title='bbox 965 858 1003 930; x_wconf 85' lang='lat' dir='ltr'>Q.</span> <span class='ocrx_word' id='word_1_70' title='bbox 1022 857 1123 914; x_wconf 87' lang='lat' dir='ltr'>Mucio</span> <span class='ocrx_word' id='word_1_71' title='bbox 1144 801 1286 913; x_wconf 84' lang='lat' dir='ltr'>Rutilium</span> <span class='ocrx_word' id='word_1_72' title='bbox 1306 855 1364 913; x_wconf 75' lang='lat' dir='ltr'>sihi</span> <span class='ocrx_word' id='word_1_73' title='bbox 1384 858 1500 927; x_wconf 82' lang='lat' dir='ltr'>legatum</span> <span class='ocrx_word' id='word_1_74' title='bbox 1515 875 1529 911; x_wconf 91' lang='lat' dir='ltr'>a</span> <span class='ocrx_word' id='word_1_75' title='bbox 1544 876 1579 913; x_wconf 86' lang='lat' dir='ltr'>se·</span> <span class='ocrx_word' id='word_1_76' title='bbox 1613 906 1614 911; x_wconf 73' lang='grc'><em>,</em></span> 
     </span>
     <span class='ocr_line' id='line_1_8' title="bbox 281 930 1615 1008; baseline -0.002 -22"><span class='ocrx_word' id='word_1_77' title='bbox 281 931 371 987; x_wconf 81' lang='lat' dir='ltr'>video</span> <span class='ocrx_word' id='word_1_78' title='bbox 391 932 502 1006; x_wconf 88' lang='lat' dir='ltr'>(Praef.</span> <span class='ocrx_word' id='word_1_79' title='bbox 517 930 669 987; x_wconf 84' lang='lat' dir='ltr'>adFront.</span> <span class='ocrx_word' id='word_1_80' title='bbox 684 951 713 1007; x_wconf 92' lang='lat' dir='ltr'>p.</span> <span class='ocrx_word' id='word_1_81' title='bbox 726 930 885 1004; x_wconf 84' lang='lat' dir='ltr'>XXXIV.)</span> <span class='ocrx_word' id='word_1_82' title='bbox 899 960 932 977; x_wconf 65' lang='grc' dir='ltr'>ν-</span> <span class='ocrx_word' id='word_1_83' title='bbox 965 945 1036 989; x_wconf 87' lang='lat' dir='ltr'>natu</span> <span class='ocrx_word' id='word_1_84' title='bbox 1056 933 1233 1008; x_wconf 80' lang='lat' dir='ltr'>expetendi3</span> <span class='ocrx_word' id='word_1_85' title='bbox 1254 933 1383 987; x_wconf 89' lang='lat' dir='ltr'>amicum</span> <span class='ocrx_word' id='word_1_86' title='bbox 1402 941 1439 999; x_wconf 88' lang='lat' dir='ltr'>et,</span> <span class='ocrx_word' id='word_1_87' title='bbox 1458 950 1509 1008; x_wconf 88' lang='lat' dir='ltr'>qun</span> <span class='ocrx_word' id='word_1_88' title='bbox 1524 951 1578 1007; x_wconf 85' lang='lat' dir='ltr'>opas</span> <span class='ocrx_word' id='word_1_89' title='bbox 1614 966 1615 983; x_wconf 75' lang='lat'>.</span> 
     </span>
     <span class='ocr_line' id='line_1_9' title="bbox 279 1004 1579 1084; baseline 0.002 -24"><span class='ocrx_word' id='word_1_90' title='bbox 279 1004 351 1063; x_wconf 85' lang='lat' dir='ltr'><strong>Fuit</strong></span> <span class='ocrx_word' id='word_1_91' title='bbox 367 1008 460 1082; x_wconf 83' lang='lat' dir='ltr'>igitur</span> <span class='ocrx_word' id='word_1_92' title='bbox 472 1007 505 1064; x_wconf 90' lang='lat' dir='ltr'>P.</span> <span class='ocrx_word' id='word_1_93' title='bbox 523 1006 651 1063; x_wconf 82' lang='lat' dir='ltr'>Rutilius</span> <span class='ocrx_word' id='word_1_94' title='bbox 665 1009 779 1077; x_wconf 73' lang='lat' dir='ltr'>legatus</span> <span class='ocrx_word' id='word_1_95' title='bbox 792 1005 830 1079; x_wconf 86' lang='lat' dir='ltr'>Q.</span> <span class='ocrx_word' id='word_1_96' title='bbox 845 1006 934 1063; x_wconf 82' lang='lat' dir='ltr'>Mucii</span> <span class='ocrx_word' id='word_1_97' title='bbox 964 1019 1030 1065; x_wconf 87' lang='lat' dir='ltr'>erat</span> <span class='ocrx_word' id='word_1_98' title='bbox 1043 1009 1079 1065; x_wconf 90' lang='lat' dir='ltr'>ad</span> <span class='ocrx_word' id='word_1_99' title='bbox 1095 1008 1136 1074; x_wconf 91' lang='lat' dir='ltr'>id,</span> <span class='ocrx_word' id='word_1_100' title='bbox 1160 1008 1238 1084; x_wconf 90' lang='lat' dir='ltr'>quod</span> <span class='ocrx_word' id='word_1_101' title='bbox 1252 1006 1309 1063; x_wconf 89' lang='lat' dir='ltr'>sibi</span> <span class='ocrx_word' id='word_1_102' title='bbox 1324 1017 1518 1082; x_wconf 74' lang='lat' dir='ltr'>proposuerat,</span> <span class='ocrx_word' id='word_1_103' title='bbox 1530 1027 1579 1082; x_wconf 81' lang='lat' dir='ltr'>per·</span> 
     </span>
     <span class='ocr_line' id='line_1_10' title="bbox 277 1080 1617 1158; baseline 0.004 -26"><span class='ocrx_word' id='word_1_104' title='bbox 277 1090 425 1152; x_wconf 80' lang='lat' dir='ltr'>praetoris</span> <span class='ocrx_word' id='word_1_105' title='bbox 441 1102 496 1155; x_wconf 80' lang='lat' dir='ltr'>pro</span> <span class='ocrx_word' id='word_1_106' title='bbox 515 1085 636 1136; x_wconf 75' lang='lat' dir='ltr'>connata.</span> <span class='ocrx_word' id='word_1_107' title='bbox 663 1080 723 1138; x_wconf 86' lang='lat' dir='ltr'>Sed</span> <span class='ocrx_word' id='word_1_108' title='bbox 743 1083 808 1158; x_wconf 91' lang='lat' dir='ltr'>quis</span> <span class='ocrx_word' id='word_1_109' title='bbox 829 1083 935 1139; x_wconf 84' lang='lat' dir='ltr'>esthic</span> <span class='ocrx_word' id='word_1_110' title='bbox 964 1083 1147 1149; x_wconf 86' lang='lat' dir='ltr'>ficienduru,</span> <span class='ocrx_word' id='word_1_111' title='bbox 1184 1086 1348 1149; x_wconf 86' lang='lat' dir='ltr'>utimum,</span> <span class='ocrx_word' id='word_1_112' title='bbox 1384 1084 1579 1151; x_wconf 78' lang='lat' dir='ltr'>sanctissinum,</span> <span class='ocrx_word' id='word_1_113' title='bbox 1616 1110 1617 1117; x_wconf 55' lang='lat'>.</span> 
     </span>
     <span class='ocr_line' id='line_1_11' title="bbox 281 1103 1580 1234; baseline 0.003 -23"><span class='ocrx_word' id='word_1_114' title='bbox 281 1157 316 1228; x_wconf 84' lang='lat' dir='ltr'>Q.</span> <span class='ocrx_word' id='word_1_115' title='bbox 333 1159 466 1211; x_wconf 77' lang='lat' dir='ltr'>Mucius?</span> <span class='ocrx_word' id='word_1_116' title='bbox 501 1158 569 1214; x_wconf 94' lang='lat' dir='ltr'>Duo</span> <span class='ocrx_word' id='word_1_117' title='bbox 590 1158 640 1215; x_wconf 89' lang='lat' dir='ltr'>illo</span> <span class='ocrx_word' id='word_1_118' title='bbox 661 1169 795 1234; x_wconf 90' lang='lat' dir='ltr'>ternpore</span> <span class='ocrx_word' id='word_1_119' title='bbox 815 1160 935 1214; x_wconf 90' lang='lat' dir='ltr'>fuerunt</span> <span class='ocrx_word' id='word_1_120' title='bbox 964 1162 1159 1216; x_wconf 88' lang='lat' dir='ltr'>iustissimum</span> <span class='ocrx_word' id='word_1_121' title='bbox 1179 1103 1237 1215; x_wconf 80' lang='lat' dir='ltr'>sihi</span> <span class='ocrx_word' id='word_1_122' title='bbox 1257 1160 1410 1233; x_wconf 81' lang='lat' dir='ltr'>expetivit.</span> <span class='ocrx_word' id='word_1_123' title='bbox 1439 1158 1580 1233; x_wconf 67' lang='lat' dir='ltr'>(cremat</span> 
     </span>
     <span class='ocr_line' id='line_1_12' title="bbox 280 1233 1584 1309; baseline 0.002 -21"><span class='ocrx_word' id='word_1_124' title='bbox 280 1233 338 1288; x_wconf 88' lang='lat' dir='ltr'>hoc</span> <span class='ocrx_word' id='word_1_125' title='bbox 353 1236 483 1296; x_wconf 84' lang='lat' dir='ltr'>nomine,</span> <span class='ocrx_word' id='word_1_126' title='bbox 499 1252 577 1291; x_wconf 87' lang='lat' dir='ltr'>unns</span> <span class='ocrx_word' id='word_1_127' title='bbox 591 1238 701 1302; x_wconf 71' lang='lat' dir='ltr'>Aaegaar,</span> <span class='ocrx_word' id='word_1_128' title='bbox 718 1236 769 1309; x_wconf 89' lang='lat' dir='ltr'>qui</span> <span class='ocrx_word' id='word_1_129' title='bbox 781 1243 827 1289; x_wconf 90' lang='lat' dir='ltr'>est</span> <span class='ocrx_word' id='word_1_130' title='bbox 837 1236 936 1304; x_wconf 80' lang='lat' dir='ltr'>Quinti</span> <span class='ocrx_word' id='word_1_131' title='bbox 965 1236 1027 1292; x_wconf 85' lang='lat' dir='ltr'>Sic.</span> <span class='ocrx_word' id='word_1_132' title='bbox 1050 1236 1070 1291; x_wconf 95' lang='lat' dir='ltr'>l.</span> <span class='ocrx_word' id='word_1_133' title='bbox 1093 1235 1128 1301; x_wconf 92' lang='grc'>1.)</span> <span class='ocrx_word' id='word_1_134' title='bbox 1155 1264 1191 1278; x_wconf 92' lang='grc'>-</span> <span class='ocrx_word' id='word_1_135' title='bbox 1218 1234 1276 1291; x_wconf 88' lang='lat' dir='ltr'>Hic</span> <span class='ocrx_word' id='word_1_136' title='bbox 1300 1235 1427 1290; x_wconf 89' lang='lat' dir='ltr'>fortasse</span> <span class='ocrx_word' id='word_1_137' title='bbox 1446 1234 1509 1289; x_wconf 85' lang='lat' dir='ltr'>mihi</span> <span class='ocrx_word' id='word_1_138' title='bbox 1526 1234 1584 1290; x_wconf 84' lang='lat' dir='ltr'>dicet</span> 
     </span>
     <span class='ocr_line' id='line_1_13' title="bbox 279 1305 1583 1388; baseline 0.002 -25"><span class='ocrx_word' id='word_1_139' title='bbox 279 1305 359 1365; x_wconf 84' lang='lat' dir='ltr'>filins</span> <span class='ocrx_word' id='word_1_140' title='bbox 381 1309 550 1377; x_wconf 78' lang='lat' dir='ltr'>(cfr.1·&#39;asti</span> <span class='ocrx_word' id='word_1_141' title='bbox 569 1308 666 1384; x_wconf 91' lang='lat' dir='ltr'>Capit.</span> <span class='ocrx_word' id='word_1_142' title='bbox 687 1308 759 1386; x_wconf 87' lang='lat' dir='ltr'>ibiq.</span> <span class='ocrx_word' id='word_1_143' title='bbox 779 1307 884 1385; x_wconf 87' lang='lat' dir='ltr'>Sigon.</span> <span class='ocrx_word' id='word_1_144' title='bbox 903 1310 934 1364; x_wconf 94' lang='lat' dir='ltr'>in</span> <span class='ocrx_word' id='word_1_145' title='bbox 964 1312 1093 1388; x_wconf 84' lang='lat' dir='ltr'>aliquis:</span> <span class='ocrx_word' id='word_1_146' title='bbox 1127 1320 1158 1365; x_wconf 83' lang='lat' dir='ltr'>at</span> <span class='ocrx_word' id='word_1_147' title='bbox 1187 1311 1214 1366; x_wconf 93' lang='lat' dir='ltr'>si</span> <span class='ocrx_word' id='word_1_148' title='bbox 1241 1309 1395 1367; x_wconf 88' lang='lat' dir='ltr'>Diodorus</span> <span class='ocrx_word' id='word_1_149' title='bbox 1424 1327 1473 1365; x_wconf 91' lang='lat' dir='ltr'>eos</span> <span class='ocrx_word' id='word_1_150' title='bbox 1499 1309 1583 1365; x_wconf 84' lang='lat' dir='ltr'>amicos</span> 
     </span>
     <span class='ocr_line' id='line_1_14' title="bbox 280 1382 1584 1459; baseline -0.001 -19"><span class='ocrx_word' id='word_1_151' title='bbox 280 1382 360 1458; x_wconf 84' lang='lat' dir='ltr'>Opp.</span> <span class='ocrx_word' id='word_1_152' title='bbox 383 1404 463 1441; x_wconf 87' lang='lat' dir='ltr'>omn.</span> <span class='ocrx_word' id='word_1_153' title='bbox 486 1384 542 1441; x_wconf 83' lang='lat' dir='ltr'>Ed.</span> <span class='ocrx_word' id='word_1_154' title='bbox 566 1383 687 1441; x_wconf 87' lang='lat' dir='ltr'>Mediol.</span> <span class='ocrx_word' id='word_1_155' title='bbox 711 1404 740 1459; x_wconf 87' lang='lat' dir='ltr'>p.</span> <span class='ocrx_word' id='word_1_156' title='bbox 763 1390 798 1446; x_wconf 81' lang='lat'>26</span> <span class='ocrx_word' id='word_1_157' title='bbox 812 1397 840 1442; x_wconf 86' lang='lat' dir='ltr'>et</span> <span class='ocrx_word' id='word_1_158' title='bbox 854 1386 932 1451; x_wconf 69' lang='lat'>410),</span> <span class='ocrx_word' id='word_1_159' title='bbox 964 1389 1056 1444; x_wconf 90' lang='lat' dir='ltr'>fnisse</span> <span class='ocrx_word' id='word_1_160' title='bbox 1085 1384 1211 1450; x_wconf 79' lang='lat' dir='ltr'>narrat,</span> <span class='ocrx_word' id='word_1_161' title='bbox 1247 1387 1311 1441; x_wconf 86' lang='lat' dir='ltr'>veri</span> <span class='ocrx_word' id='word_1_162' title='bbox 1343 1385 1469 1442; x_wconf 89' lang='lat' dir='ltr'>similius</span> <span class='ocrx_word' id='word_1_163' title='bbox 1496 1386 1584 1439; x_wconf 83' lang='lat' dir='ltr'>ridetur</span> 
     </span>
     <span class='ocr_line' id='line_1_15' title="bbox 280 1459 1622 1538; baseline 0.001 -24"><span class='ocrx_word' id='word_1_164' title='bbox 280 1460 356 1516; x_wconf 78' lang='lat' dir='ltr'>alter</span> <span class='ocrx_word' id='word_1_165' title='bbox 373 1459 512 1531; x_wconf 73' lang='lat' dir='ltr'>Pontifex</span> <span class='ocrx_word' id='word_1_166' title='bbox 531 1466 688 1525; x_wconf 80' lang='lat' dir='ltr'>maximus,</span> <span class='ocrx_word' id='word_1_167' title='bbox 709 1462 760 1538; x_wconf 89' lang='lat' dir='ltr'>qui</span> <span class='ocrx_word' id='word_1_168' title='bbox 780 1470 827 1516; x_wconf 82' lang='lat' dir='ltr'>est</span> <span class='ocrx_word' id='word_1_169' title='bbox 845 1461 936 1513; x_wconf 80' lang='lat' dir='ltr'>Publii</span> <span class='ocrx_word' id='word_1_170' title='bbox 966 1468 1112 1533; x_wconf 75' lang='lat' dir='ltr'>Augurem</span> <span class='ocrx_word' id='word_1_171' title='bbox 1140 1460 1287 1535; x_wconf 77' lang='lat' dir='ltr'>inlelligi3</span> <span class='ocrx_word' id='word_1_172' title='bbox 1322 1478 1392 1516; x_wconf 84' lang='lat' dir='ltr'>naut</span> <span class='ocrx_word' id='word_1_173' title='bbox 1420 1479 1483 1516; x_wconf 80' lang='lat' dir='ltr'>cnut</span> <span class='ocrx_word' id='word_1_174' title='bbox 1509 1460 1586 1516; x_wconf 81' lang='lat' dir='ltr'>Rutilii</span> <span class='ocrx_word' id='word_1_175' title='bbox 1621 1468 1622 1521; x_wconf 67' lang='lat' dir='ltr'>l</span> 
     </span>
     <span class='ocr_line' id='line_1_16' title="bbox 278 1531 1623 1611; baseline 0.001 -20"><span class='ocrx_word' id='word_1_176' title='bbox 278 1531 369 1592; x_wconf 82' lang='lat' dir='ltr'>filius.</span> <span class='ocrx_word' id='word_1_177' title='bbox 389 1534 821 1611; x_wconf 81' lang='lat' dir='ltr'>(Cfr.PastiCap.lh.p.27.)</span> <span class='ocrx_word' id='word_1_178' title='bbox 848 1536 937 1594; x_wconf 83' lang='lat' dir='ltr'>Uter·</span> <span class='ocrx_word' id='word_1_179' title='bbox 965 1537 1093 1593; x_wconf 89' lang='lat' dir='ltr'>amicum</span> <span class='ocrx_word' id='word_1_180' title='bbox 1119 1536 1211 1592; x_wconf 89' lang='lat' dir='ltr'>fuisse</span> <span class='ocrx_word' id='word_1_181' title='bbox 1238 1537 1397 1595; x_wconf 76' lang='lat' dir='ltr'>Ciceronis</span> <span class='ocrx_word' id='word_1_182' title='bbox 1427 1536 1492 1591; x_wconf 88' lang='lat' dir='ltr'>libri</span> <span class='ocrx_word' id='word_1_183' title='bbox 1516 1535 1545 1591; x_wconf 85' lang='lat' dir='ltr'>de</span> <span class='ocrx_word' id='word_1_184' title='bbox 1563 1554 1586 1590; x_wconf 84' lang='lat' dir='ltr'>re</span> <span class='ocrx_word' id='word_1_185' title='bbox 1622 1540 1623 1593; x_wconf 87' lang='lat' dir='ltr'>l</span> 
     </span>
     <span class='ocr_line' id='line_1_17' title="bbox 302 1609 1624 1689; baseline -0.002 -23"><span class='ocrx_word' id='word_1_186' title='bbox 302 1629 337 1666; x_wconf 87' lang='lat' dir='ltr'>ue</span> <span class='ocrx_word' id='word_1_187' title='bbox 356 1612 446 1667; x_wconf 88' lang='lat' dir='ltr'>Asiae</span> <span class='ocrx_word' id='word_1_188' title='bbox 468 1612 607 1686; x_wconf 75' lang='lat' dir='ltr'>praefuit,</span> <span class='ocrx_word' id='word_1_189' title='bbox 629 1630 698 1666; x_wconf 88' lang='lat' dir='ltr'>narn</span> <span class='ocrx_word' id='word_1_190' title='bbox 718 1611 797 1686; x_wconf 93' lang='lat' dir='ltr'>apud</span> <span class='ocrx_word' id='word_1_191' title='bbox 816 1610 879 1668; x_wconf 91' lang='lat' dir='ltr'>Cic.</span> <span class='ocrx_word' id='word_1_192' title='bbox 899 1609 935 1666; x_wconf 91' lang='lat' dir='ltr'>de</span> <span class='ocrx_word' id='word_1_193' title='bbox 965 1612 1084 1689; x_wconf 82' lang='lat' dir='ltr'>publica</span> <span class='ocrx_word' id='word_1_194' title='bbox 1105 1611 1225 1677; x_wconf 87' lang='lat' dir='ltr'>docent,</span> <span class='ocrx_word' id='word_1_195' title='bbox 1248 1622 1293 1677; x_wconf 87' lang='lat' dir='ltr'>et,</span> <span class='ocrx_word' id='word_1_196' title='bbox 1315 1629 1383 1667; x_wconf 91' lang='lat' dir='ltr'>cnm</span> <span class='ocrx_word' id='word_1_197' title='bbox 1403 1613 1465 1668; x_wconf 91' lang='lat' dir='ltr'>eins</span> <span class='ocrx_word' id='word_1_198' title='bbox 1483 1610 1587 1688; x_wconf 85' lang='lat' dir='ltr'>aequalis</span> <span class='ocrx_word' id='word_1_199' title='bbox 1623 1612 1624 1671; x_wconf 82' lang='lat' dir='ltr'>l</span> 
     </span>
     <span class='ocr_line' id='line_1_18' title="bbox 279 1630 1625 1762; baseline -0.001 -18"><span class='ocrx_word' id='word_1_200' title='bbox 279 1630 333 1744; x_wconf 56' lang='lat' dir='ltr'>gr.</span> <span class='ocrx_word' id='word_1_201' title='bbox 355 1693 388 1753; x_wconf 87' lang='lat'>1,</span> <span class='ocrx_word' id='word_1_202' title='bbox 413 1695 456 1747; x_wconf 81' lang='lat'>17.</span> <span class='ocrx_word' id='word_1_203' title='bbox 489 1686 552 1760; x_wconf 88' lang='lat' dir='ltr'>ipse</span> <span class='ocrx_word' id='word_1_204' title='bbox 577 1685 616 1757; x_wconf 84' lang='lat' dir='ltr'>Q.</span> <span class='ocrx_word' id='word_1_205' title='bbox 638 1685 756 1743; x_wconf 85' lang='lat' dir='ltr'>Mucius</span> <span class='ocrx_word' id='word_1_206' title='bbox 778 1688 884 1759; x_wconf 86' lang='lat' dir='ltr'>Augur</span> <span class='ocrx_word' id='word_1_207' title='bbox 904 1704 935 1741; x_wconf 90' lang='lat' dir='ltr'>se</span> <span class='ocrx_word' id='word_1_208' title='bbox 965 1700 1060 1755; x_wconf 81' lang='lat' dir='ltr'>esset,</span> <span class='ocrx_word' id='word_1_209' title='bbox 1094 1689 1118 1743; x_wconf 90' lang='lat' dir='ltr'>is</span> <span class='ocrx_word' id='word_1_210' title='bbox 1148 1688 1247 1762; x_wconf 91' lang='lat' dir='ltr'>potins</span> <span class='ocrx_word' id='word_1_211' title='bbox 1279 1686 1384 1744; x_wconf 83' lang='lat' dir='ltr'>Rutilii</span> <span class='ocrx_word' id='word_1_212' title='bbox 1413 1689 1519 1743; x_wconf 78' lang='lat' dir='ltr'>airricus</span> <span class='ocrx_word' id='word_1_213' title='bbox 1542 1703 1588 1741; x_wconf 84' lang='lat' dir='ltr'>esse</span> <span class='ocrx_word' id='word_1_214' title='bbox 1624 1684 1625 1743; x_wconf 74' lang='lat' dir='ltr'>l</span> 
     </span>
     <span class='ocr_line' id='line_1_19' title="bbox 302 1756 1626 1838; baseline -0.005 -21"><span class='ocrx_word' id='word_1_215' title='bbox 302 1772 452 1817; x_wconf 86' lang='lat' dir='ltr'>raetorem</span> <span class='ocrx_word' id='word_1_216' title='bbox 468 1760 568 1817; x_wconf 81' lang='lat' dir='ltr'>Rhodi</span> <span class='ocrx_word' id='word_1_217' title='bbox 587 1762 679 1817; x_wconf 86' lang='lat' dir='ltr'>fuisse</span> <span class='ocrx_word' id='word_1_218' title='bbox 697 1760 779 1818; x_wconf 89' lang='lat' dir='ltr'>dicit.</span> <span class='ocrx_word' id='word_1_219' title='bbox 810 1762 847 1833; x_wconf 88' lang='lat' dir='ltr'>Q.</span> <span class='ocrx_word' id='word_1_220' title='bbox 863 1780 936 1817; x_wconf 84' lang='lat' dir='ltr'>vero</span> <span class='ocrx_word' id='word_1_221' title='bbox 966 1766 1063 1838; x_wconf 91' lang='lat' dir='ltr'>potuit</span> <span class='ocrx_word' id='word_1_222' title='bbox 1103 1780 1181 1827; x_wconf 83' lang='lat' dir='ltr'>naui,</span> <span class='ocrx_word' id='word_1_223' title='bbox 1205 1765 1256 1838; x_wconf 92' lang='lat' dir='ltr'>qui</span> <span class='ocrx_word' id='word_1_224' title='bbox 1275 1764 1399 1835; x_wconf 81' lang='lat' dir='ltr'>circiter</span> <span class='ocrx_word' id='word_1_225' title='bbox 1413 1764 1513 1837; x_wconf 84' lang='lat' dir='ltr'>viginti</span> <span class='ocrx_word' id='word_1_226' title='bbox 1524 1763 1589 1816; x_wconf 85' lang='lat' dir='ltr'>annis</span> <span class='ocrx_word' id='word_1_227' title='bbox 1625 1756 1626 1811; x_wconf 86' lang='lat' dir='ltr'>l</span> 
     </span>
     <span class='ocr_line' id='line_1_20' title="bbox 279 1781 1627 1912; baseline -0.001 -18"><span class='ocrx_word' id='word_1_228' title='bbox 279 1781 412 1894; x_wconf 72' lang='lat' dir='ltr'>bfucimu</span> <span class='ocrx_word' id='word_1_229' title='bbox 426 1837 535 1893; x_wconf 86' lang='lat' dir='ltr'>Pontii.</span> <span class='ocrx_word' id='word_1_230' title='bbox 558 1855 635 1893; x_wconf 80' lang='lat' dir='ltr'>anax.</span> <span class='ocrx_word' id='word_1_231' title='bbox 659 1839 749 1893; x_wconf 87' lang='lat' dir='ltr'>Asiae</span> <span class='ocrx_word' id='word_1_232' title='bbox 769 1838 936 1912; x_wconf 74' lang='lat' dir='ltr'>praefuisse</span> <span class='ocrx_word' id='word_1_233' title='bbox 967 1842 1065 1896; x_wconf 86' lang='lat' dir='ltr'>minor</span> <span class='ocrx_word' id='word_1_234' title='bbox 1082 1782 1150 1903; x_wconf 81' lang='lat' dir='ltr'>luit,</span> <span class='ocrx_word' id='word_1_235' title='bbox 1172 1837 1314 1894; x_wconf 78' lang='lat' dir='ltr'>Pontifex</span> <span class='ocrx_word' id='word_1_236' title='bbox 1334 1856 1414 1893; x_wconf 83' lang='lat' dir='ltr'>max.</span> <span class='ocrx_word' id='word_1_237' title='bbox 1434 1868 1467 1881; x_wconf 95' lang='lat'>-</span> <span class='ocrx_word' id='word_1_238' title='bbox 1487 1837 1590 1912; x_wconf 86' lang='lat' dir='ltr'>Hocqni</span> <span class='ocrx_word' id='word_1_239' title='bbox 1626 1828 1627 1873; x_wconf 68' lang='lat' dir='ltr'>l</span> 
     </span>
     <span class='ocr_line' id='line_1_21' title="bbox 281 1900 1628 1989; baseline -0.004 -20"><span class='ocrx_word' id='word_1_240' title='bbox 281 1912 409 1983; x_wconf 81' lang='lat' dir='ltr'>legimus</span> <span class='ocrx_word' id='word_1_241' title='bbox 436 1912 515 1986; x_wconf 89' lang='lat' dir='ltr'>apud</span> <span class='ocrx_word' id='word_1_242' title='bbox 535 1911 599 1969; x_wconf 89' lang='lat' dir='ltr'>Cic.</span> <span class='ocrx_word' id='word_1_243' title='bbox 622 1911 658 1968; x_wconf 91' lang='lat' dir='ltr'>ad</span> <span class='ocrx_word' id='word_1_244' title='bbox 679 1914 795 1979; x_wconf 71' lang='lat' dir='ltr'>Atto,</span> <span class='ocrx_word' id='word_1_245' title='bbox 819 1923 846 1971; x_wconf 91' lang='lat'>1.</span> <span class='ocrx_word' id='word_1_246' title='bbox 884 1912 936 1968; x_wconf 90' lang='lat' dir='ltr'>Ille</span> <span class='ocrx_word' id='word_1_247' title='bbox 967 1914 1054 1982; x_wconf 92' lang='lat' dir='ltr'>dicet,</span> <span class='ocrx_word' id='word_1_248' title='bbox 1076 1916 1103 1969; x_wconf 85' lang='lat' dir='ltr'>ei</span> <span class='ocrx_word' id='word_1_249' title='bbox 1125 1916 1164 1969; x_wconf 86' lang='lat' dir='ltr'>ita</span> <span class='ocrx_word' id='word_1_250' title='bbox 1185 1911 1394 1988; x_wconf 79' lang='lat' dir='ltr'>respondebo:</span> <span class='ocrx_word' id='word_1_251' title='bbox 1417 1912 1591 1989; x_wconf 85' lang='lat' dir='ltr'>Iureqnideu</span> <span class='ocrx_word' id='word_1_252' title='bbox 1627 1900 1628 1963; x_wconf 87' lang='lat' dir='ltr'>l</span> 
     </span>
     <span class='ocr_line' id='line_1_22' title="bbox 278 1972 1629 2065; baseline -0.001 -22"><span class='ocrx_word' id='word_1_253' title='bbox 278 1998 402 2062; x_wconf 88' lang='lat' dir='ltr'>praetor</span> <span class='ocrx_word' id='word_1_254' title='bbox 421 1987 514 2043; x_wconf 88' lang='lat' dir='ltr'>fuisse</span> <span class='ocrx_word' id='word_1_255' title='bbox 535 1987 654 2044; x_wconf 81' lang='lat' dir='ltr'>videtur</span> <span class='ocrx_word' id='word_1_256' title='bbox 673 2007 701 2043; x_wconf 88' lang='lat' dir='ltr'>a.</span> <span class='ocrx_word' id='word_1_257' title='bbox 718 2007 747 2044; x_wconf 90' lang='lat' dir='ltr'>n.</span> <span class='ocrx_word' id='word_1_258' title='bbox 764 1990 864 2048; x_wconf 65' lang='lat' dir='ltr'>esst</span> <span class='ocrx_word' id='word_1_259' title='bbox 884 1997 937 2043; x_wconf 87' lang='lat' dir='ltr'>aut</span> <span class='ocrx_word' id='word_1_260' title='bbox 967 1991 1042 2046; x_wconf 90' lang='lat' dir='ltr'>dicis</span> <span class='ocrx_word' id='word_1_261' title='bbox 1070 1991 1183 2045; x_wconf 82' lang='lat' dir='ltr'>airricus</span> <span class='ocrx_word' id='word_1_262' title='bbox 1210 2000 1239 2044; x_wconf 91' lang='lat' dir='ltr'>et</span> <span class='ocrx_word' id='word_1_263' title='bbox 1266 1988 1405 2065; x_wconf 88' lang='lat' dir='ltr'>aequales</span> <span class='ocrx_word' id='word_1_264' title='bbox 1425 1988 1512 2045; x_wconf 87' lang='lat' dir='ltr'>fuisse</span> <span class='ocrx_word' id='word_1_265' title='bbox 1530 1988 1593 2044; x_wconf 82' lang='lat' dir='ltr'>ttan&#39;-</span> <span class='ocrx_word' id='word_1_266' title='bbox 1628 1972 1629 2017; x_wconf 82' lang='lat' dir='ltr'>l</span> 
     </span>
     <span class='ocr_line' id='line_1_23' title="bbox 280 2042 1630 2141; baseline -0.002 -20"><span class='ocrx_word' id='word_1_267' title='bbox 280 2069 365 2129; x_wconf 62' lang='lat'>635„</span> <span class='ocrx_word' id='word_1_268' title='bbox 393 2063 491 2137; x_wconf 87' lang='lat' dir='ltr'>paullo</span> <span class='ocrx_word' id='word_1_269' title='bbox 511 2074 580 2140; x_wconf 90' lang='lat' dir='ltr'>post</span> <span class='ocrx_word' id='word_1_270' title='bbox 599 2063 633 2120; x_wconf 87' lang='lat' dir='ltr'>C.</span> <span class='ocrx_word' id='word_1_271' title='bbox 656 2062 788 2120; x_wconf 82' lang='lat' dir='ltr'>Gracchi</span> <span class='ocrx_word' id='word_1_272' title='bbox 809 2064 936 2119; x_wconf 88' lang='lat' dir='ltr'>interfe-</span> <span class='ocrx_word' id='word_1_273' title='bbox 965 2066 1038 2121; x_wconf 86' lang='lat' dir='ltr'>lium</span> <span class='ocrx_word' id='word_1_274' title='bbox 1059 2073 1089 2119; x_wconf 92' lang='lat' dir='ltr'>et</span> <span class='ocrx_word' id='word_1_275' title='bbox 1108 2066 1278 2136; x_wconf 82' lang='lat' dir='ltr'>Augurem,</span> <span class='ocrx_word' id='word_1_276' title='bbox 1304 2082 1481 2141; x_wconf 81' lang='lat' dir='ltr'>quamquem</span> <span class='ocrx_word' id='word_1_277' title='bbox 1502 2081 1590 2127; x_wconf 84' lang='lat' dir='ltr'>omnes,</span> <span class='ocrx_word' id='word_1_278' title='bbox 1629 2042 1630 2087; x_wconf 82' lang='lat' dir='ltr'>l</span> 
     </span>
     <span class='ocr_line' id='line_1_24' title="bbox 281 2139 1632 2216; baseline -0.003 -22"><span class='ocrx_word' id='word_1_279' title='bbox 281 2141 428 2204; x_wconf 87' lang='lat' dir='ltr'>ctionem,</span> <span class='ocrx_word' id='word_1_280' title='bbox 450 2157 509 2214; x_wconf 91' lang='lat' dir='ltr'>quo</span> <span class='ocrx_word' id='word_1_281' title='bbox 530 2149 665 2214; x_wconf 89' lang='lat' dir='ltr'>tempore</span> <span class='ocrx_word' id='word_1_282' title='bbox 685 2157 793 2197; x_wconf 84' lang='lat' dir='ltr'>recens</span> <span class='ocrx_word' id='word_1_283' title='bbox 813 2140 868 2195; x_wconf 93' lang='lat' dir='ltr'>fuit</span> <span class='ocrx_word' id='word_1_284' title='bbox 886 2140 937 2194; x_wconf 91' lang='lat' dir='ltr'>in·</span> <span class='ocrx_word' id='word_1_285' title='bbox 966 2158 1041 2216; x_wconf 90' lang='lat' dir='ltr'>quos</span> <span class='ocrx_word' id='word_1_286' title='bbox 1063 2139 1199 2215; x_wconf 83' lang='lat' dir='ltr'>equidem</span> <span class='ocrx_word' id='word_1_287' title='bbox 1221 2142 1309 2205; x_wconf 86' lang='lat' dir='ltr'>novi,</span> <span class='ocrx_word' id='word_1_288' title='bbox 1331 2142 1391 2195; x_wconf 79' lang='lat' dir='ltr'>uiri</span> <span class='ocrx_word' id='word_1_289' title='bbox 1412 2139 1492 2196; x_wconf 91' lang='lat' dir='ltr'>docti</span> <span class='ocrx_word' id='word_1_290' title='bbox 1510 2147 1594 2212; x_wconf 84' lang='lat' dir='ltr'>negant</span> <span class='ocrx_word' id='word_1_291' title='bbox 1631 2188 1632 2213; x_wconf 54' lang='lat'>,</span> 
     </span>
     <span class='ocr_line' id='line_1_25' title="bbox 281 2212 1633 2291; baseline -0.003 -21"><span class='ocrx_word' id='word_1_292' title='bbox 281 2214 364 2289; x_wconf 87' lang='lat' dir='ltr'>digni</span> <span class='ocrx_word' id='word_1_293' title='bbox 384 2213 464 2270; x_wconf 85' lang='lat' dir='ltr'>illius</span> <span class='ocrx_word' id='word_1_294' title='bbox 485 2215 629 2271; x_wconf 85' lang='lat' dir='ltr'>facinoris</span> <span class='ocrx_word' id='word_1_295' title='bbox 652 2212 838 2289; x_wconf 90' lang='lat' dir='ltr'>Septimuleii</span> <span class='ocrx_word' id='word_1_296' title='bbox 859 2216 938 2270; x_wconf 79' lang='lat' dir='ltr'>iovi·</span> <span class='ocrx_word' id='word_1_297' title='bbox 967 2215 1193 2291; x_wconf 84' lang='lat' dir='ltr'>aequalitatem,</span> <span class='ocrx_word' id='word_1_298' title='bbox 1222 2220 1436 2291; x_wconf 87' lang='lat' dir='ltr'>Auguremque</span> <span class='ocrx_word' id='word_1_299' title='bbox 1462 2216 1520 2272; x_wconf 90' lang='lat' dir='ltr'>fere</span> <span class='ocrx_word' id='word_1_300' title='bbox 1544 2222 1593 2269; x_wconf 85' lang='lat' dir='ltr'>octa</span> <span class='ocrx_word' id='word_1_301' title='bbox 1632 2272 1633 2277; x_wconf 9' lang='grc' dir='ltr'>η</span> 
     </span>
     <span class='ocr_line' id='line_1_26' title="bbox 279 2287 1596 2366; baseline -0.002 -20"><span class='ocrx_word' id='word_1_302' title='bbox 279 2289 340 2358; x_wconf 88' lang='lat' dir='ltr'>dia,</span> <span class='ocrx_word' id='word_1_303' title='bbox 361 2307 486 2366; x_wconf 88' lang='lat' dir='ltr'>eumque</span> <span class='ocrx_word' id='word_1_304' title='bbox 506 2287 810 2363; x_wconf 84' lang='lat' dir='ltr'>significatC.1ulius</span> <span class='ocrx_word' id='word_1_305' title='bbox 825 2289 937 2346; x_wconf 87' lang='lat' dir='ltr'>Caesar</span> <span class='ocrx_word' id='word_1_306' title='bbox 966 2292 1053 2347; x_wconf 89' lang='lat' dir='ltr'>annis</span> <span class='ocrx_word' id='word_1_307' title='bbox 1070 2292 1218 2346; x_wconf 87' lang='lat' dir='ltr'>minorem</span> <span class='ocrx_word' id='word_1_308' title='bbox 1235 2290 1347 2348; x_wconf 81' lang='lat' dir='ltr'>Rutilio</span> <span class='ocrx_word' id='word_1_309' title='bbox 1364 2291 1490 2358; x_wconf 86' lang='lat' dir='ltr'>faciunt,</span> <span class='ocrx_word' id='word_1_310' title='bbox 1505 2291 1596 2346; x_wconf 87' lang='lat' dir='ltr'>seder-</span> 
     </span>
     <span class='ocr_line' id='line_1_27' title="bbox 280 2364 1593 2442; baseline -0.005 -20"><span class='ocrx_word' id='word_1_311' title='bbox 280 2364 392 2422; x_wconf 88' lang='lat' dir='ltr'>Straho</span> <span class='ocrx_word' id='word_1_312' title='bbox 412 2365 492 2439; x_wconf 87' lang='lat' dir='ltr'>apud</span> <span class='ocrx_word' id='word_1_313' title='bbox 514 2364 579 2421; x_wconf 83' lang='lat' dir='ltr'>Cic.</span> <span class='ocrx_word' id='word_1_314' title='bbox 598 2364 634 2420; x_wconf 89' lang='lat' dir='ltr'>de</span> <span class='ocrx_word' id='word_1_315' title='bbox 654 2364 710 2422; x_wconf 91' lang='lat' dir='ltr'>Or.</span> <span class='ocrx_word' id='word_1_316' title='bbox 735 2372 767 2431; x_wconf 82' lang='lat'>2,</span> <span class='ocrx_word' id='word_1_317' title='bbox 788 2371 834 2425; x_wconf 85' lang='lat'>67.</span> <span class='ocrx_word' id='word_1_318' title='bbox 863 2365 938 2421; x_wconf 88' lang='lat' dir='ltr'>Post</span> <span class='ocrx_word' id='word_1_319' title='bbox 967 2376 1037 2423; x_wconf 86' lang='lat' dir='ltr'>rant</span> <span class='ocrx_word' id='word_1_320' title='bbox 1054 2365 1106 2422; x_wconf 88' lang='lat' dir='ltr'>illi.</span> <span class='ocrx_word' id='word_1_321' title='bbox 1143 2366 1246 2442; x_wconf 85' lang='lat' dir='ltr'>Neque</span> <span class='ocrx_word' id='word_1_322' title='bbox 1266 2375 1366 2421; x_wconf 89' lang='lat' dir='ltr'>tamen</span> <span class='ocrx_word' id='word_1_323' title='bbox 1380 2365 1518 2423; x_wconf 87' lang='lat' dir='ltr'>Pontifici</span> <span class='ocrx_word' id='word_1_324' title='bbox 1534 2382 1593 2421; x_wconf 85' lang='lat' dir='ltr'>mar.</span> 
     </span>
     <span class='ocr_line' id='line_1_28' title="bbox 279 2439 1596 2517; baseline -0.002 -20"><span class='ocrx_word' id='word_1_325' title='bbox 279 2444 345 2497; x_wconf 85' lang='lat' dir='ltr'>eius</span> <span class='ocrx_word' id='word_1_326' title='bbox 367 2440 557 2498; x_wconf 88' lang='lat' dir='ltr'>consulatum</span> <span class='ocrx_word' id='word_1_327' title='bbox 577 2440 674 2506; x_wconf 85' lang='lat' dir='ltr'>illam,</span> <span class='ocrx_word' id='word_1_328' title='bbox 698 2439 733 2497; x_wconf 84' lang='lat' dir='ltr'>de</span> <span class='ocrx_word' id='word_1_329' title='bbox 755 2459 812 2517; x_wconf 93' lang='lat' dir='ltr'>qua</span> <span class='ocrx_word' id='word_1_330' title='bbox 830 2442 894 2514; x_wconf 90' lang='lat' dir='ltr'>ipse</span> <span class='ocrx_word' id='word_1_331' title='bbox 909 2452 938 2496; x_wconf 90' lang='lat' dir='ltr'>et</span> <span class='ocrx_word' id='word_1_332' title='bbox 968 2445 1065 2498; x_wconf 90' lang='lat' dir='ltr'>minus</span> <span class='ocrx_word' id='word_1_333' title='bbox 1082 2459 1170 2516; x_wconf 88' lang='lat' dir='ltr'>qnam</span> <span class='ocrx_word' id='word_1_334' title='bbox 1184 2442 1300 2516; x_wconf 87' lang='lat' dir='ltr'>Auguri</span> <span class='ocrx_word' id='word_1_335' title='bbox 1317 2443 1447 2498; x_wconf 85' lang='lat' dir='ltr'>amicum</span> <span class='ocrx_word' id='word_1_336' title='bbox 1460 2440 1596 2498; x_wconf 76' lang='lat' dir='ltr'>fuisselin·</span> 
     </span>
     <span class='ocr_line' id='line_1_29' title="bbox 281 2516 1597 2592; baseline -0.007 -16"><span class='ocrx_word' id='word_1_337' title='bbox 281 2516 314 2576; x_wconf 83' lang='lat' dir='ltr'>C.</span> <span class='ocrx_word' id='word_1_338' title='bbox 334 2516 427 2574; x_wconf 83' lang='lat' dir='ltr'>lulius</span> <span class='ocrx_word' id='word_1_339' title='bbox 447 2517 629 2592; x_wconf 90' lang='lat' dir='ltr'>loquuntur,</span> <span class='ocrx_word' id='word_1_340' title='bbox 654 2517 745 2572; x_wconf 89' lang='lat' dir='ltr'>Asiae</span> <span class='ocrx_word' id='word_1_341' title='bbox 764 2528 938 2592; x_wconf 86' lang='lat' dir='ltr'>praeturam</span> <span class='ocrx_word' id='word_1_342' title='bbox 966 2518 1061 2573; x_wconf 89' lang='lat' dir='ltr'>tilium</span> <span class='ocrx_word' id='word_1_343' title='bbox 1082 2528 1164 2591; x_wconf 83' lang='lat' dir='ltr'>pnt03</span> <span class='ocrx_word' id='word_1_344' title='bbox 1188 2536 1256 2572; x_wconf 89' lang='lat' dir='ltr'>nam</span> <span class='ocrx_word' id='word_1_345' title='bbox 1277 2535 1345 2573; x_wconf 91' lang='lat' dir='ltr'>cum</span> <span class='ocrx_word' id='word_1_346' title='bbox 1365 2517 1530 2574; x_wconf 90' lang='lat' dir='ltr'>minorihus</span> <span class='ocrx_word' id='word_1_347' title='bbox 1544 2525 1597 2571; x_wconf 84' lang='lat' dir='ltr'>nati</span> 
     </span>
     <span class='ocr_line' id='line_1_30' title="bbox 281 2588 1599 2668; baseline -0.003 -20"><span class='ocrx_word' id='word_1_348' title='bbox 281 2595 354 2668; x_wconf 92' lang='lat' dir='ltr'>poni</span> <span class='ocrx_word' id='word_1_349' title='bbox 383 2611 445 2649; x_wconf 87' lang='lat' dir='ltr'>nou</span> <span class='ocrx_word' id='word_1_350' title='bbox 474 2609 564 2666; x_wconf 81' lang='lat' dir='ltr'>posse</span> <span class='ocrx_word' id='word_1_351' title='bbox 594 2592 803 2648; x_wconf 88' lang='lat' dir='ltr'>demonstrant</span> <span class='ocrx_word' id='word_1_352' title='bbox 829 2591 938 2648; x_wconf 77' lang='lat' dir='ltr'>Lucilii</span> <span class='ocrx_word' id='word_1_353' title='bbox 967 2593 1113 2648; x_wconf 77' lang='lat' dir='ltr'>amicitias</span> <span class='ocrx_word' id='word_1_354' title='bbox 1137 2610 1242 2667; x_wconf 79' lang='lat' dir='ltr'>gerere</span> <span class='ocrx_word' id='word_1_355' title='bbox 1268 2592 1388 2658; x_wconf 87' lang='lat' dir='ltr'>didicit,</span> <span class='ocrx_word' id='word_1_356' title='bbox 1419 2611 1485 2648; x_wconf 89' lang='lat' dir='ltr'>cum</span> <span class='ocrx_word' id='word_1_357' title='bbox 1506 2588 1599 2667; x_wconf 80' lang='lat' dir='ltr'>ipseC·</span> 
     </span>
     <span class='ocr_line' id='line_1_31' title="bbox 280 2664 1598 2744; baseline -0.002 -20"><span class='ocrx_word' id='word_1_358' title='bbox 280 2667 373 2725; x_wconf 76' lang='lat' dir='ltr'>rerba</span> <span class='ocrx_word' id='word_1_359' title='bbox 401 2668 480 2744; x_wconf 91' lang='lat' dir='ltr'>apud</span> <span class='ocrx_word' id='word_1_360' title='bbox 501 2667 565 2725; x_wconf 88' lang='lat' dir='ltr'>Cic.</span> <span class='ocrx_word' id='word_1_361' title='bbox 591 2668 627 2723; x_wconf 92' lang='lat' dir='ltr'>de</span> <span class='ocrx_word' id='word_1_362' title='bbox 647 2667 736 2724; x_wconf 82' lang='lat' dir='ltr'>Fino.</span> <span class='ocrx_word' id='word_1_363' title='bbox 758 2677 793 2734; x_wconf 89' lang='lat'>1,</span> <span class='ocrx_word' id='word_1_364' title='bbox 814 2672 859 2735; x_wconf 76' lang='lat'>5..</span> <span class='ocrx_word' id='word_1_365' title='bbox 886 2664 937 2722; x_wconf 89' lang='lat' dir='ltr'>uhi</span> <span class='ocrx_word' id='word_1_366' title='bbox 966 2669 1069 2724; x_wconf 91' lang='lat' dir='ltr'>Laelio</span> <span class='ocrx_word' id='word_1_367' title='bbox 1082 2665 1217 2742; x_wconf 88' lang='lat' dir='ltr'>Sapienti</span> <span class='ocrx_word' id='word_1_368' title='bbox 1232 2668 1355 2725; x_wconf 90' lang='lat' dir='ltr'>circiter</span> <span class='ocrx_word' id='word_1_369' title='bbox 1369 2668 1479 2740; x_wconf 85' lang='lat' dir='ltr'>viginti</span> <span class='ocrx_word' id='word_1_370' title='bbox 1493 2669 1598 2744; x_wconf 80' lang='lat' dir='ltr'>quinque</span> 
     </span>
     <span class='ocr_line' id='line_1_32' title="bbox 282 2740 1600 2818; baseline -0.005 -18"><span class='ocrx_word' id='word_1_371' title='bbox 282 2762 404 2800; x_wconf 88' lang='lat' dir='ltr'>eausam</span> <span class='ocrx_word' id='word_1_372' title='bbox 430 2744 656 2800; x_wconf 85' lang='lat' dir='ltr'>inimicitiarum</span> <span class='ocrx_word' id='word_1_373' title='bbox 683 2747 762 2800; x_wconf 91' lang='lat' dir='ltr'>inter</span> <span class='ocrx_word' id='word_1_374' title='bbox 784 2744 938 2818; x_wconf 79' lang='lat' dir='ltr'>Augurem</span> <span class='ocrx_word' id='word_1_375' title='bbox 968 2762 1062 2799; x_wconf 87' lang='lat' dir='ltr'>annos</span> <span class='ocrx_word' id='word_1_376' title='bbox 1075 2743 1181 2798; x_wconf 91' lang='lat' dir='ltr'>maiori</span> <span class='ocrx_word' id='word_1_377' title='bbox 1192 2762 1281 2799; x_wconf 90' lang='lat' dir='ltr'>carus</span> <span class='ocrx_word' id='word_1_378' title='bbox 1293 2753 1383 2809; x_wconf 88' lang='lat' dir='ltr'>esset,</span> <span class='ocrx_word' id='word_1_379' title='bbox 1401 2762 1468 2799; x_wconf 84' lang='lat' dir='ltr'>cuin</span> <span class='ocrx_word' id='word_1_380' title='bbox 1480 2740 1600 2799; x_wconf 87' lang='lat' dir='ltr'>eumSci·</span> 
     </span>
     <span class='ocr_line' id='line_1_33' title="bbox 281 2813 1597 2886; baseline -0.002 -11"><span class='ocrx_word' id='word_1_381' title='bbox 281 2828 312 2876; x_wconf 92' lang='lat' dir='ltr'>et</span> <span class='ocrx_word' id='word_1_382' title='bbox 328 2820 364 2875; x_wconf 86' lang='lat' dir='ltr'>T.</span> <span class='ocrx_word' id='word_1_383' title='bbox 381 2817 542 2875; x_wconf 89' lang='lat' dir='ltr'>Albucium</span> <span class='ocrx_word' id='word_1_384' title='bbox 560 2819 663 2875; x_wconf 87' lang='lat' dir='ltr'>refert.</span> <span class='ocrx_word' id='word_1_385' title='bbox 697 2818 841 2875; x_wconf 87' lang='lat' dir='ltr'>Albucius</span> <span class='ocrx_word' id='word_1_386' title='bbox 858 2818 939 2874; x_wconf 89' lang='lat' dir='ltr'>enim</span> <span class='ocrx_word' id='word_1_387' title='bbox 990 2819 1019 2874; x_wconf 93' lang='lat' dir='ltr'>io</span> <span class='ocrx_word' id='word_1_388' title='bbox 1039 2818 1236 2886; x_wconf 77' lang='lat' dir='ltr'>Aciriilianns,</span> <span class='ocrx_word' id='word_1_389' title='bbox 1258 2818 1292 2874; x_wconf 92' lang='lat' dir='ltr'>P.</span> <span class='ocrx_word' id='word_1_390' title='bbox 1308 2818 1419 2874; x_wconf 85' lang='lat' dir='ltr'>Furius</span> <span class='ocrx_word' id='word_1_391' title='bbox 1436 2818 1542 2884; x_wconf 85' lang='lat' dir='ltr'>Philus,</span> <span class='ocrx_word' id='word_1_392' title='bbox 1561 2813 1597 2872; x_wconf 79' lang='lat' dir='ltr'>ld.</span> 
     </span>
     <span class='ocr_line' id='line_1_34' title="bbox 282 2839 1599 2967; baseline -0.003 -16"><span class='ocrx_word' id='word_1_393' title='bbox 282 2894 460 2951; x_wconf 88' lang='lat' dir='ltr'>adolescens</span> <span class='ocrx_word' id='word_1_394' title='bbox 475 2895 532 2951; x_wconf 92' lang='lat' dir='ltr'>fuit</span> <span class='ocrx_word' id='word_1_395' title='bbox 545 2895 672 2950; x_wconf 85' lang='lat' dir='ltr'>Athenis</span> <span class='ocrx_word' id='word_1_396' title='bbox 691 2895 759 2960; x_wconf 88' lang='lat' dir='ltr'>(cfr.</span> <span class='ocrx_word' id='word_1_397' title='bbox 772 2892 837 2950; x_wconf 87' lang='lat' dir='ltr'>Cic.</span> <span class='ocrx_word' id='word_1_398' title='bbox 850 2893 936 2950; x_wconf 91' lang='lat' dir='ltr'>Brut.</span> <span class='ocrx_word' id='word_1_399' title='bbox 968 2839 1108 2951; x_wconf 69' lang='lat' dir='ltr'>blandius</span> <span class='ocrx_word' id='word_1_400' title='bbox 1129 2904 1265 2949; x_wconf 87' lang='lat' dir='ltr'>amarent</span> <span class='ocrx_word' id='word_1_401' title='bbox 1283 2894 1359 2967; x_wconf 82' lang='lat' dir='ltr'>(cfr.</span> <span class='ocrx_word' id='word_1_402' title='bbox 1380 2893 1446 2951; x_wconf 90' lang='lat' dir='ltr'>Cic.</span> <span class='ocrx_word' id='word_1_403' title='bbox 1469 2894 1546 2950; x_wconf 90' lang='lat' dir='ltr'>Lael.</span> <span class='ocrx_word' id='word_1_404' title='bbox 1567 2897 1599 2947; x_wconf 79' lang='lat'>27.</span> 
     </span>
     <span class='ocr_line' id='line_1_35' title="bbox 281 2968 1600 3045; baseline -0.007 -17"><span class='ocrx_word' id='word_1_405' title='bbox 281 2970 361 3044; x_wconf 60' lang='lat'>55),</span> <span class='ocrx_word' id='word_1_406' title='bbox 384 2988 443 3045; x_wconf 87' lang='lat' dir='ltr'>quo</span> <span class='ocrx_word' id='word_1_407' title='bbox 462 2987 529 3025; x_wconf 90' lang='lat' dir='ltr'>cum</span> <span class='ocrx_word' id='word_1_408' title='bbox 549 2981 673 3044; x_wconf 89' lang='lat' dir='ltr'>praetor</span> <span class='ocrx_word' id='word_1_409' title='bbox 693 2968 731 3041; x_wconf 89' lang='lat' dir='ltr'>Q.</span> <span class='ocrx_word' id='word_1_410' title='bbox 750 2968 868 3026; x_wconf 87' lang='lat' dir='ltr'>Mucius</span> <span class='ocrx_word' id='word_1_411' title='bbox 887 2986 939 3023; x_wconf 85' lang='lat' dir='ltr'>ve·</span> <span class='ocrx_word' id='word_1_412' title='bbox 968 2970 1012 3026; x_wconf 91' lang='lat' dir='ltr'>De</span> <span class='ocrx_word' id='word_1_413' title='bbox 1033 2987 1066 3024; x_wconf 88' lang='lat' dir='ltr'>re</span> <span class='ocrx_word' id='word_1_414' title='bbox 1087 2968 1196 3043; x_wconf 76' lang='lat' dir='ltr'>publ),</span> <span class='ocrx_word' id='word_1_415' title='bbox 1218 2987 1286 3024; x_wconf 85' lang='lat' dir='ltr'>curn</span> <span class='ocrx_word' id='word_1_416' title='bbox 1307 2971 1370 3024; x_wconf 91' lang='lat' dir='ltr'>eins</span> <span class='ocrx_word' id='word_1_417' title='bbox 1392 2969 1600 3026; x_wconf 80' lang='lat' dir='ltr'>adolescentiam</span> 
     </span>
     <span class='ocr_line' id='line_1_36' title="bbox 281 3043 1601 3121; baseline -0.005 -20"><span class='ocrx_word' id='word_1_418' title='bbox 281 3048 395 3111; x_wconf 89' lang='lat' dir='ltr'>uisset,</span> <span class='ocrx_word' id='word_1_419' title='bbox 422 3044 531 3121; x_wconf 91' lang='lat' dir='ltr'>illeque</span> <span class='ocrx_word' id='word_1_420' title='bbox 553 3063 636 3101; x_wconf 88' lang='lat' dir='ltr'>more</span> <span class='ocrx_word' id='word_1_421' title='bbox 656 3043 793 3100; x_wconf 80' lang='lat' dir='ltr'>Rornano</span> <span class='ocrx_word' id='word_1_422' title='bbox 815 3043 852 3100; x_wconf 87' lang='lat' dir='ltr'>ad</span> <span class='ocrx_word' id='word_1_423' title='bbox 873 3061 939 3100; x_wconf 91' lang='lat' dir='ltr'>enm</span> <span class='ocrx_word' id='word_1_424' title='bbox 968 3046 1005 3100; x_wconf 90' lang='lat' dir='ltr'>ad</span> <span class='ocrx_word' id='word_1_425' title='bbox 1026 3047 1202 3120; x_wconf 86' lang='lat' dir='ltr'>opinionem</span> <span class='ocrx_word' id='word_1_426' title='bbox 1221 3056 1250 3101; x_wconf 93' lang='lat' dir='ltr'>et</span> <span class='ocrx_word' id='word_1_427' title='bbox 1268 3046 1463 3101; x_wconf 87' lang='lat' dir='ltr'>innocentiae</span> <span class='ocrx_word' id='word_1_428' title='bbox 1484 3055 1512 3100; x_wconf 88' lang='lat' dir='ltr'>et</span> <span class='ocrx_word' id='word_1_429' title='bbox 1530 3043 1601 3099; x_wconf 89' lang='lat' dir='ltr'>iuris·</span> 
     </span>
     <span class='ocr_line' id='line_1_37' title="bbox 283 3114 1602 3195; baseline -0.004 -17"><span class='ocrx_word' id='word_1_430' title='bbox 283 3118 433 3178; x_wconf 88' lang='lat' dir='ltr'>salutandi</span> <span class='ocrx_word' id='word_1_431' title='bbox 444 3138 533 3175; x_wconf 87' lang='lat' dir='ltr'>causa</span> <span class='ocrx_word' id='word_1_432' title='bbox 545 3121 732 3186; x_wconf 79' lang='lat' dir='ltr'>accessisset,</span> <span class='ocrx_word' id='word_1_433' title='bbox 746 3119 875 3185; x_wconf 83' lang='lat' dir='ltr'>Mucius,</span> <span class='ocrx_word' id='word_1_434' title='bbox 889 3119 939 3194; x_wconf 90' lang='lat' dir='ltr'>qni</span> <span class='ocrx_word' id='word_1_435' title='bbox 969 3121 1095 3195; x_wconf 86' lang='lat' dir='ltr'>peritiae</span> <span class='ocrx_word' id='word_1_436' title='bbox 1116 3120 1340 3177; x_wconf 85' lang='lat' dir='ltr'>commendaret</span> <span class='ocrx_word' id='word_1_437' title='bbox 1360 3120 1466 3176; x_wconf 74' lang='lat' dir='ltr'>donnus</span> <span class='ocrx_word' id='word_1_438' title='bbox 1483 3121 1516 3176; x_wconf 90' lang='lat' dir='ltr'>P.</span> <span class='ocrx_word' id='word_1_439' title='bbox 1531 3114 1602 3176; x_wconf 79' lang='lat' dir='ltr'>Mutii</span> 
     </span>
     <span class='ocr_line' id='line_1_38' title="bbox 283 3189 1602 3269; baseline -0.006 -16"><span class='ocrx_word' id='word_1_440' title='bbox 283 3198 434 3253; x_wconf 87' lang='lat' dir='ltr'>hominem</span> <span class='ocrx_word' id='word_1_441' title='bbox 445 3194 578 3269; x_wconf 87' lang='lat' dir='ltr'>linguam</span> <span class='ocrx_word' id='word_1_442' title='bbox 587 3193 727 3251; x_wconf 89' lang='lat' dir='ltr'>Latinam</span> <span class='ocrx_word' id='word_1_443' title='bbox 738 3196 940 3252; x_wconf 87' lang='lat' dir='ltr'>fastidientem</span> <span class='ocrx_word' id='word_1_444' title='bbox 968 3196 1046 3264; x_wconf 89' lang='lat' dir='ltr'>(Cic.</span> <span class='ocrx_word' id='word_1_445' title='bbox 1063 3197 1099 3253; x_wconf 93' lang='lat' dir='ltr'>de</span> <span class='ocrx_word' id='word_1_446' title='bbox 1114 3194 1174 3252; x_wconf 80' lang='lat' dir='ltr'>Off.</span> <span class='ocrx_word' id='word_1_447' title='bbox 1188 3214 1215 3264; x_wconf 78' lang='lat'>2,</span> <span class='ocrx_word' id='word_1_448' title='bbox 1233 3201 1304 3265; x_wconf 77' lang='grc'><strong>15.),</strong></span> <span class='ocrx_word' id='word_1_449' title='bbox 1327 3199 1413 3252; x_wconf 88' lang='lat' dir='ltr'>cuius</span> <span class='ocrx_word' id='word_1_450' title='bbox 1427 3194 1489 3253; x_wconf 87' lang='lat' dir='ltr'>filio</span> <span class='ocrx_word' id='word_1_451' title='bbox 1503 3193 1537 3266; x_wconf 83' lang='lat' dir='ltr'>Q.</span> <span class='ocrx_word' id='word_1_452' title='bbox 1551 3189 1602 3249; x_wconf 80' lang='lat' dir='ltr'>tta-</span> 
     </span>
     <span class='ocr_line' id='line_1_39' title="bbox 283 3269 1602 3345; baseline -0.008 -16"><span class='ocrx_word' id='word_1_453' title='bbox 283 3271 384 3330; x_wconf 87' lang='lat' dir='ltr'>ridere</span> <span class='ocrx_word' id='word_1_454' title='bbox 396 3269 494 3337; x_wconf 89' lang='lat' dir='ltr'>vellet,</span> <span class='ocrx_word' id='word_1_455' title='bbox 509 3288 569 3326; x_wconf 90' lang='lat' dir='ltr'>non</span> <span class='ocrx_word' id='word_1_456' title='bbox 582 3271 679 3327; x_wconf 90' lang='lat' dir='ltr'>solum</span> <span class='ocrx_word' id='word_1_457' title='bbox 691 3273 756 3345; x_wconf 89' lang='lat' dir='ltr'>ipsc</span> <span class='ocrx_word' id='word_1_458' title='bbox 768 3290 834 3326; x_wconf 86' lang='lat' dir='ltr'>euin</span> <span class='ocrx_word' id='word_1_459' title='bbox 844 3269 940 3327; x_wconf 88' lang='lat' dir='ltr'>Grae·</span> <span class='ocrx_word' id='word_1_460' title='bbox 970 3274 1017 3329; x_wconf 90' lang='lat' dir='ltr'>cio</span> <span class='ocrx_word' id='word_1_461' title='bbox 1038 3271 1148 3328; x_wconf 86' lang='lat' dir='ltr'>Pontii.</span> <span class='ocrx_word' id='word_1_462' title='bbox 1170 3291 1266 3339; x_wconf 72' lang='lat' dir='ltr'>masc,</span> <span class='ocrx_word' id='word_1_463' title='bbox 1298 3274 1364 3328; x_wconf 83' lang='lat' dir='ltr'>viro</span> <span class='ocrx_word' id='word_1_464' title='bbox 1384 3270 1602 3329; x_wconf 83' lang='lat' dir='ltr'>sunderatissiruo</span> 
     </span>
     <span class='ocr_line' id='line_1_40' title="bbox 284 3342 1601 3422; baseline -0.003 -18"><span class='ocrx_word' id='word_1_465' title='bbox 284 3366 318 3404; x_wconf 89' lang='lat' dir='ltr'>ce</span> <span class='ocrx_word' id='word_1_466' title='bbox 332 3346 485 3411; x_wconf 85' lang='lat' dir='ltr'>salutavit,</span> <span class='ocrx_word' id='word_1_467' title='bbox 503 3346 554 3402; x_wconf 91' lang='lat' dir='ltr'>sed</span> <span class='ocrx_word' id='word_1_468' title='bbox 572 3348 660 3402; x_wconf 88' lang='lat' dir='ltr'>etiam</span> <span class='ocrx_word' id='word_1_469' title='bbox 677 3354 770 3402; x_wconf 86' lang='lat' dir='ltr'>totam</span> <span class='ocrx_word' id='word_1_470' title='bbox 786 3347 941 3402; x_wconf 90' lang='lat' dir='ltr'>cohortem</span> <span class='ocrx_word' id='word_1_471' title='bbox 970 3357 999 3402; x_wconf 91' lang='lat' dir='ltr'>et</span> <span class='ocrx_word' id='word_1_472' title='bbox 1018 3348 1253 3422; x_wconf 88' lang='lat' dir='ltr'>prudentissimo</span> <span class='ocrx_word' id='word_1_473' title='bbox 1273 3358 1303 3403; x_wconf 90' lang='lat' dir='ltr'>et</span> <span class='ocrx_word' id='word_1_474' title='bbox 1321 3348 1512 3403; x_wconf 89' lang='lat' dir='ltr'>sanctissimo</span> <span class='ocrx_word' id='word_1_475' title='bbox 1537 3342 1601 3412; x_wconf 72' lang='lat' dir='ltr'>(Cic.</span> 
     </span>
     <span class='ocr_line' id='line_1_41' title="bbox 283 3420 1603 3494; baseline 0.001 -13"><span class='ocrx_word' id='word_1_476' title='bbox 283 3424 372 3481; x_wconf 89' lang='lat' dir='ltr'>iussit</span> <span class='ocrx_word' id='word_1_477' title='bbox 393 3439 459 3477; x_wconf 91' lang='lat' dir='ltr'>enm</span> <span class='ocrx_word' id='word_1_478' title='bbox 473 3420 590 3478; x_wconf 89' lang='lat' dir='ltr'>Graece</span> <span class='ocrx_word' id='word_1_479' title='bbox 607 3421 749 3477; x_wconf 88' lang='lat' dir='ltr'>salutare.</span> <span class='ocrx_word' id='word_1_480' title='bbox 780 3422 848 3494; x_wconf 88' lang='lat' dir='ltr'>Quo</span> <span class='ocrx_word' id='word_1_481' title='bbox 861 3421 941 3477; x_wconf 90' lang='lat' dir='ltr'>facto</span> <span class='ocrx_word' id='word_1_482' title='bbox 970 3424 1005 3478; x_wconf 90' lang='lat' dir='ltr'>de</span> <span class='ocrx_word' id='word_1_483' title='bbox 1025 3422 1092 3479; x_wconf 88' lang='lat' dir='ltr'>Nat.</span> <span class='ocrx_word' id='word_1_484' title='bbox 1114 3422 1151 3477; x_wconf 85' lang='grc' dir='ltr'>Ι).</span> <span class='ocrx_word' id='word_1_485' title='bbox 1172 3426 1206 3488; x_wconf 77' lang='lat'>3,</span> <span class='ocrx_word' id='word_1_486' title='bbox 1228 3426 1274 3482; x_wconf 75' lang='lat'>32.</span> <span class='ocrx_word' id='word_1_487' title='bbox 1312 3422 1348 3478; x_wconf 86' lang='lat' dir='ltr'>de</span> <span class='ocrx_word' id='word_1_488' title='bbox 1369 3422 1431 3479; x_wconf 78' lang='lat' dir='ltr'>Off.</span> <span class='ocrx_word' id='word_1_489' title='bbox 1455 3431 1488 3487; x_wconf 78' lang='lat'>2,</span> <span class='ocrx_word' id='word_1_490' title='bbox 1509 3426 1535 3482; x_wconf 85' lang='lat'>6.</span> <span class='ocrx_word' id='word_1_491' title='bbox 1560 3433 1603 3493; x_wconf 76' lang='grc'><strong>1111</strong></span> 
     </span>
     <span class='ocr_line' id='line_1_42' title="bbox 284 3492 1604 3569; baseline -0.007 -14"><span class='ocrx_word' id='word_1_492' title='bbox 284 3507 400 3555; x_wconf 89' lang='lat' dir='ltr'>tautum</span> <span class='ocrx_word' id='word_1_493' title='bbox 419 3495 475 3553; x_wconf 90' lang='lat' dir='ltr'>sihi</span> <span class='ocrx_word' id='word_1_494' title='bbox 490 3492 589 3553; x_wconf 83' lang='lat' dir='ltr'>odium</span> <span class='ocrx_word' id='word_1_495' title='bbox 604 3496 725 3553; x_wconf 78' lang='lat' dir='ltr'>Albucii</span> <span class='ocrx_word' id='word_1_496' title='bbox 743 3499 895 3562; x_wconf 82' lang='lat' dir='ltr'>excitavit,</span> <span class='ocrx_word' id='word_1_497' title='bbox 910 3504 943 3550; x_wconf 93' lang='lat' dir='ltr'>ut</span> <span class='ocrx_word' id='word_1_498' title='bbox 971 3497 1059 3553; x_wconf 84' lang='lat' dir='ltr'>Rosc.</span> <span class='ocrx_word' id='word_1_499' title='bbox 1081 3498 1149 3553; x_wconf 87' lang='lat' dir='ltr'>Am.</span> <span class='ocrx_word' id='word_1_500' title='bbox 1171 3496 1230 3569; x_wconf 70' lang='lat'>19.)</span> <span class='ocrx_word' id='word_1_501' title='bbox 1251 3498 1309 3553; x_wconf 86' lang='lat' dir='ltr'>nisi</span> <span class='ocrx_word' id='word_1_502' title='bbox 1330 3499 1527 3554; x_wconf 83' lang='lat' dir='ltr'>amicissimus</span> <span class='ocrx_word' id='word_1_503' title='bbox 1546 3494 1604 3550; x_wconf 86' lang='lat' dir='ltr'>fuis—</span> 
     </span>
     <span class='ocr_line' id='line_1_43' title="bbox 284 3567 1604 3648; baseline 0 -18"><span class='ocrx_word' id='word_1_504' title='bbox 284 3570 322 3631; x_wconf 85' lang='lat' dir='ltr'>ah</span> <span class='ocrx_word' id='word_1_505' title='bbox 345 3592 381 3629; x_wconf 90' lang='lat' dir='ltr'>eo</span> <span class='ocrx_word' id='word_1_506' title='bbox 400 3583 504 3647; x_wconf 88' lang='lat' dir='ltr'>postea</span> <span class='ocrx_word' id='word_1_507' title='bbox 525 3573 760 3646; x_wconf 87' lang='lat' dir='ltr'>repetundarum</span> <span class='ocrx_word' id='word_1_508' title='bbox 781 3589 942 3628; x_wconf 84' lang='lat' dir='ltr'>accusare·</span> <span class='ocrx_word' id='word_1_509' title='bbox 971 3585 1016 3630; x_wconf 89' lang='lat' dir='ltr'>set</span> <span class='ocrx_word' id='word_1_510' title='bbox 1036 3576 1071 3638; x_wconf 89' lang='lat' dir='ltr'>is,</span> <span class='ocrx_word' id='word_1_511' title='bbox 1095 3573 1146 3648; x_wconf 92' lang='lat' dir='ltr'>qui</span> <span class='ocrx_word' id='word_1_512' title='bbox 1166 3575 1229 3628; x_wconf 89' lang='lat' dir='ltr'>eius</span> <span class='ocrx_word' id='word_1_513' title='bbox 1250 3574 1328 3648; x_wconf 88' lang='lat' dir='ltr'>patri</span> <span class='ocrx_word' id='word_1_514' title='bbox 1349 3584 1466 3629; x_wconf 88' lang='lat' dir='ltr'>tantum</span> <span class='ocrx_word' id='word_1_515' title='bbox 1486 3567 1604 3630; x_wconf 79' lang='lat' dir='ltr'>debehat</span> 
     </span>
     <span class='ocr_line' id='line_1_44' title="bbox 284 3645 1606 3724; baseline -0.004 -17"><span class='ocrx_word' id='word_1_516' title='bbox 284 3658 335 3708; x_wconf 87' lang='lat' dir='ltr'>tur</span> <span class='ocrx_word' id='word_1_517' title='bbox 354 3648 423 3724; x_wconf 87' lang='lat' dir='ltr'>(cfr.</span> <span class='ocrx_word' id='word_1_518' title='bbox 445 3647 509 3707; x_wconf 88' lang='lat' dir='ltr'>Cic.</span> <span class='ocrx_word' id='word_1_519' title='bbox 530 3647 616 3704; x_wconf 82' lang='lat' dir='ltr'>Brut.</span> <span class='ocrx_word' id='word_1_520' title='bbox 639 3654 702 3715; x_wconf 82' lang='lat'>26..</span> <span class='ocrx_word' id='word_1_521' title='bbox 731 3645 782 3721; x_wconf 86' lang='lat' dir='ltr'>uhi</span> <span class='ocrx_word' id='word_1_522' title='bbox 803 3650 869 3704; x_wconf 91' lang='lat' dir='ltr'>iure</span> <span class='ocrx_word' id='word_1_523' title='bbox 887 3666 942 3718; x_wconf 75' lang='lat' dir='ltr'>pro</span> <span class='ocrx_word' id='word_1_524' title='bbox 972 3650 1606 3723; x_wconf 80' lang='lat' dir='ltr'>noninnocentissimus,integerrimus,san·</span> 
     </span>
    </p>
   </div>
   <div class='ocr_carea' id='block_1_5' title="bbox 283 3710 1606 3856">
    <p class='ocr_par' dir='ltr' id='par_1_5' title="bbox 283 3710 1606 3856">
     <span class='ocr_line' id='line_1_45' title="bbox 283 3710 1606 3856; baseline -0.003 -77"><span class='ocrx_word' id='word_1_525' title='bbox 283 3745 314 3779; x_wconf 82' lang='lat' dir='ltr'>sc</span> <span class='ocrx_word' id='word_1_526' title='bbox 345 3734 498 3856; x_wconf 65' lang='lat' dir='ltr'>recegtnm</span> <span class='ocrx_word' id='word_1_527' title='bbox 528 3742 593 3780; x_wconf 90' lang='lat' dir='ltr'>esse</span> <span class='ocrx_word' id='word_1_528' title='bbox 623 3724 783 3798; x_wconf 86' lang='lat' dir='ltr'>praecipue</span> <span class='ocrx_word' id='word_1_529' title='bbox 812 3721 943 3779; x_wconf 90' lang='lat' dir='ltr'>ostendit</span> <span class='ocrx_word' id='word_1_530' title='bbox 972 3710 1606 3798; x_wconf 77' lang='lat' dir='ltr'>ctissimus,fuissetiogratissiums.-Nuh</span> 
     </span>
    </p>
   </div>
   <div class='ocr_carea' id='block_1_6' title="bbox 224 3798 1607 5007">
    <p class='ocr_par' dir='ltr' id='par_1_6' title="bbox 224 3798 1607 4482">
     <span class='ocr_line' id='line_1_46' title="bbox 284 3798 1606 3875; baseline -0.005 -15"><span class='ocrx_word' id='word_1_531' title='bbox 284 3802 348 3860; x_wconf 87' lang='lat' dir='ltr'>Cic.</span> <span class='ocrx_word' id='word_1_532' title='bbox 363 3801 399 3856; x_wconf 87' lang='lat' dir='ltr'>de</span> <span class='ocrx_word' id='word_1_533' title='bbox 443 3811 499 3856; x_wconf 91' lang='lat' dir='ltr'>rat.</span> <span class='ocrx_word' id='word_1_534' title='bbox 516 3805 544 3862; x_wconf 84' lang='lat'>2.</span> <span class='ocrx_word' id='word_1_535' title='bbox 562 3799 623 3871; x_wconf 90' lang='lat'>70.)</span> <span class='ocrx_word' id='word_1_536' title='bbox 643 3798 830 3855; x_wconf 87' lang='lat' dir='ltr'>Adolescens</span> <span class='ocrx_word' id='word_1_537' title='bbox 844 3808 941 3853; x_wconf 83' lang='lat' dir='ltr'>auteur</span> <span class='ocrx_word' id='word_1_538' title='bbox 970 3800 1028 3855; x_wconf 91' lang='lat' dir='ltr'>lam</span> <span class='ocrx_word' id='word_1_539' title='bbox 1049 3800 1141 3875; x_wconf 82' lang='lat' dir='ltr'>igitur</span> <span class='ocrx_word' id='word_1_540' title='bbox 1161 3799 1256 3855; x_wconf 88' lang='lat' dir='ltr'>adhuc</span> <span class='ocrx_word' id='word_1_541' title='bbox 1270 3799 1400 3856; x_wconf 80' lang='lat' dir='ltr'>vidimus</span> <span class='ocrx_word' id='word_1_542' title='bbox 1416 3818 1481 3855; x_wconf 89' lang='lat' dir='ltr'>esse</span> <span class='ocrx_word' id='word_1_543' title='bbox 1495 3810 1606 3853; x_wconf 80' lang='lat' dir='ltr'>cansam</span> 
     </span>
     <span class='ocr_line' id='line_1_47' title="bbox 284 3869 1606 3949; baseline -0.01 -14"><span class='ocrx_word' id='word_1_544' title='bbox 284 3879 342 3936; x_wconf 89' lang='lat' dir='ltr'>fuit</span> <span class='ocrx_word' id='word_1_545' title='bbox 361 3873 507 3932; x_wconf 82' lang='lat' dir='ltr'>Albucius</span> <span class='ocrx_word' id='word_1_546' title='bbox 528 3874 579 3929; x_wconf 90' lang='lat' dir='ltr'>illo</span> <span class='ocrx_word' id='word_1_547' title='bbox 599 3882 745 3948; x_wconf 91' lang='lat' dir='ltr'>tempore,</span> <span class='ocrx_word' id='word_1_548' title='bbox 772 3891 832 3949; x_wconf 90' lang='lat' dir='ltr'>quo</span> <span class='ocrx_word' id='word_1_549' title='bbox 852 3890 943 3948; x_wconf 91' lang='lat' dir='ltr'>prae·</span> <span class='ocrx_word' id='word_1_550' title='bbox 972 3893 1027 3931; x_wconf 91' lang='lat' dir='ltr'>cur</span> <span class='ocrx_word' id='word_1_551' title='bbox 1047 3875 1200 3949; x_wconf 76' lang='lat' dir='ltr'>Augurem</span> <span class='ocrx_word' id='word_1_552' title='bbox 1220 3876 1319 3949; x_wconf 90' lang='lat' dir='ltr'>potius</span> <span class='ocrx_word' id='word_1_553' title='bbox 1341 3894 1430 3949; x_wconf 90' lang='lat' dir='ltr'>quam</span> <span class='ocrx_word' id='word_1_554' title='bbox 1449 3869 1606 3932; x_wconf 81' lang='lat' dir='ltr'>Pontificem</span> 
     </span>
     <span class='ocr_line' id='line_1_48' title="bbox 285 3948 1607 4028; baseline -0.006 -19"><span class='ocrx_word' id='word_1_555' title='bbox 285 3963 383 4013; x_wconf 86' lang='lat' dir='ltr'>torem</span> <span class='ocrx_word' id='word_1_556' title='bbox 409 3951 501 4007; x_wconf 90' lang='lat' dir='ltr'>fuisse</span> <span class='ocrx_word' id='word_1_557' title='bbox 524 3948 658 4005; x_wconf 86' lang='lat' dir='ltr'>Mucium</span> <span class='ocrx_word' id='word_1_558' title='bbox 678 3950 833 4024; x_wconf 83' lang='lat' dir='ltr'>Augurem</span> <span class='ocrx_word' id='word_1_559' title='bbox 861 3949 940 4014; x_wconf 81' lang='lat' dir='ltr'>dixi3</span> <span class='ocrx_word' id='word_1_560' title='bbox 972 3968 1049 4004; x_wconf 87' lang='lat' dir='ltr'>max.</span> <span class='ocrx_word' id='word_1_561' title='bbox 1062 3949 1271 4025; x_wconf 83' lang='lat' dir='ltr'>intelligamus.</span> <span class='ocrx_word' id='word_1_562' title='bbox 1294 3949 1607 4028; x_wconf 71' lang='lat' dir='ltr'>UterqueAsiaeprat·</span> 
     </span>
     <span class='ocr_line' id='line_1_49' title="bbox 285 4015 1605 4101; baseline -0.005 -16"><span class='ocrx_word' id='word_1_563' title='bbox 285 4046 357 4086; x_wconf 84' lang='lat' dir='ltr'>naut</span> <span class='ocrx_word' id='word_1_564' title='bbox 376 4027 549 4101; x_wconf 88' lang='lat' dir='ltr'>praetorius</span> <span class='ocrx_word' id='word_1_565' title='bbox 568 4025 802 4100; x_wconf 88' lang='lat' dir='ltr'>repetundarum</span> <span class='ocrx_word' id='word_1_566' title='bbox 817 4042 854 4079; x_wconf 86' lang='lat' dir='ltr'>ex</span> <span class='ocrx_word' id='word_1_567' title='bbox 869 4022 943 4080; x_wconf 85' lang='lat' dir='ltr'>Sar·</span> <span class='ocrx_word' id='word_1_568' title='bbox 971 4025 1036 4090; x_wconf 89' lang='lat' dir='ltr'>fuit,</span> <span class='ocrx_word' id='word_1_569' title='bbox 1055 4036 1181 4101; x_wconf 91' lang='lat' dir='ltr'>uterque</span> <span class='ocrx_word' id='word_1_570' title='bbox 1202 4025 1315 4081; x_wconf 84' lang='lat' dir='ltr'>Rutilio</span> <span class='ocrx_word' id='word_1_571' title='bbox 1335 4029 1450 4084; x_wconf 82' lang='lat' dir='ltr'>euricus</span> <span class='ocrx_word' id='word_1_572' title='bbox 1470 4035 1542 4082; x_wconf 90' lang='lat' dir='ltr'>erat.</span> <span class='ocrx_word' id='word_1_573' title='bbox 1572 4015 1605 4079; x_wconf 75' lang='lat' dir='ltr'>Sta</span> 
     </span>
     <span class='ocr_line' id='line_1_50' title="bbox 288 4096 1604 4175; baseline -0.004 -16"><span class='ocrx_word' id='word_1_574' title='bbox 288 4103 370 4159; x_wconf 87' lang='lat' dir='ltr'>diuia</span> <span class='ocrx_word' id='word_1_575' title='bbox 391 4103 548 4158; x_wconf 87' lang='lat' dir='ltr'>damnatus</span> <span class='ocrx_word' id='word_1_576' title='bbox 569 4112 615 4156; x_wconf 89' lang='lat' dir='ltr'>est</span> <span class='ocrx_word' id='word_1_577' title='bbox 635 4103 716 4156; x_wconf 89' lang='lat' dir='ltr'>circa</span> <span class='ocrx_word' id='word_1_578' title='bbox 736 4120 763 4156; x_wconf 90' lang='lat' dir='ltr'>a.</span> <span class='ocrx_word' id='word_1_579' title='bbox 782 4119 812 4155; x_wconf 89' lang='lat' dir='ltr'>u.</span> <span class='ocrx_word' id='word_1_580' title='bbox 832 4119 859 4156; x_wconf 87' lang='lat' dir='ltr'>c.</span> <span class='ocrx_word' id='word_1_581' title='bbox 875 4102 941 4159; x_wconf 82' lang='lat'>650.</span> <span class='ocrx_word' id='word_1_582' title='bbox 993 4100 1052 4156; x_wconf 91' lang='lat' dir='ltr'>uod</span> <span class='ocrx_word' id='word_1_583' title='bbox 1072 4100 1115 4157; x_wconf 91' lang='lat' dir='ltr'>illi</span> <span class='ocrx_word' id='word_1_584' title='bbox 1136 4112 1232 4156; x_wconf 87' lang='lat' dir='ltr'>aetate</span> <span class='ocrx_word' id='word_1_585' title='bbox 1276 4105 1381 4175; x_wconf 90' lang='lat' dir='ltr'>ropior</span> <span class='ocrx_word' id='word_1_586' title='bbox 1398 4112 1465 4158; x_wconf 89' lang='lat' dir='ltr'>erat</span> <span class='ocrx_word' id='word_1_587' title='bbox 1484 4096 1604 4156; x_wconf 72' lang='lat' dir='ltr'>Rutilius.</span> 
     </span>
     <span class='ocr_line' id='line_1_51' title="bbox 224 4119 1605 4252; baseline -0.007 -15"><span class='ocrx_word' id='word_1_588' title='bbox 224 4242 228 4249; x_wconf 56' lang='grc'><em>,</em></span> <span class='ocrx_word' id='word_1_589' title='bbox 285 4179 362 4237; x_wconf 92' lang='lat' dir='ltr'>Post</span> <span class='ocrx_word' id='word_1_590' title='bbox 374 4188 510 4233; x_wconf 87' lang='lat' dir='ltr'>exactam</span> <span class='ocrx_word' id='word_1_591' title='bbox 525 4176 617 4251; x_wconf 85' lang='lat' dir='ltr'>igitur</span> <span class='ocrx_word' id='word_1_592' title='bbox 633 4177 696 4231; x_wconf 88' lang='lat' dir='ltr'>eius</span> <span class='ocrx_word' id='word_1_593' title='bbox 710 4174 943 4233; x_wconf 86' lang='lat' dir='ltr'>adolescentiam</span> <span class='ocrx_word' id='word_1_594' title='bbox 971 4119 1055 4233; x_wconf 85' lang='lat' dir='ltr'>iilum</span> <span class='ocrx_word' id='word_1_595' title='bbox 1075 4178 1174 4252; x_wconf 84' lang='lat' dir='ltr'>potius</span> <span class='ocrx_word' id='word_1_596' title='bbox 1195 4121 1362 4251; x_wconf 71' lang='lat' dir='ltr'>inteiligere</span> <span class='ocrx_word' id='word_1_597' title='bbox 1382 4178 1533 4240; x_wconf 86' lang='lat' dir='ltr'>volumus,</span> <span class='ocrx_word' id='word_1_598' title='bbox 1550 4171 1605 4227; x_wconf 81' lang='lat' dir='ltr'>hiut</span> 
     </span>
     <span class='ocr_line' id='line_1_52' title="bbox 287 4247 1606 4329; baseline -0.008 -19"><span class='ocrx_word' id='word_1_599' title='bbox 287 4254 337 4311; x_wconf 84' lang='lat' dir='ltr'>illa</span> <span class='ocrx_word' id='word_1_600' title='bbox 350 4255 483 4329; x_wconf 85' lang='lat' dir='ltr'>Auguris</span> <span class='ocrx_word' id='word_1_601' title='bbox 503 4261 645 4328; x_wconf 88' lang='lat' dir='ltr'>praetura</span> <span class='ocrx_word' id='word_1_602' title='bbox 665 4252 738 4324; x_wconf 92' lang='lat' dir='ltr'>poni</span> <span class='ocrx_word' id='word_1_603' title='bbox 756 4270 816 4307; x_wconf 92' lang='lat' dir='ltr'>non</span> <span class='ocrx_word' id='word_1_604' title='bbox 831 4260 941 4325; x_wconf 85' lang='lat' dir='ltr'>potest,</span> <span class='ocrx_word' id='word_1_605' title='bbox 972 4254 1068 4308; x_wconf 88' lang='lat' dir='ltr'>artior</span> <span class='ocrx_word' id='word_1_606' title='bbox 1097 4264 1241 4325; x_wconf 84' lang='lat' dir='ltr'>pateruae</span> <span class='ocrx_word' id='word_1_607' title='bbox 1273 4255 1422 4309; x_wconf 87' lang='lat' dir='ltr'>amicitiae</span> <span class='ocrx_word' id='word_1_608' title='bbox 1451 4247 1606 4308; x_wconf 79' lang='lat' dir='ltr'>couiuoctit</span> 
     </span>
     <span class='ocr_line' id='line_1_53' title="bbox 287 4326 1606 4404; baseline -0.007 -18"><span class='ocrx_word' id='word_1_609' title='bbox 287 4328 399 4387; x_wconf 89' lang='lat' dir='ltr'>nedum</span> <span class='ocrx_word' id='word_1_610' title='bbox 428 4340 498 4404; x_wconf 91' lang='lat' dir='ltr'>post</span> <span class='ocrx_word' id='word_1_611' title='bbox 525 4331 587 4383; x_wconf 90' lang='lat' dir='ltr'>eius</span> <span class='ocrx_word' id='word_1_612' title='bbox 617 4326 854 4393; x_wconf 85' lang='lat' dir='ltr'>damnationem,</span> <span class='ocrx_word' id='word_1_613' title='bbox 885 4344 943 4401; x_wconf 76' lang='lat' dir='ltr'>aquo</span> <span class='ocrx_word' id='word_1_614' title='bbox 972 4329 1105 4403; x_wconf 86' lang='lat' dir='ltr'>satisque</span> <span class='ocrx_word' id='word_1_615' title='bbox 1127 4328 1203 4381; x_wconf 90' lang='lat' dir='ltr'>insta</span> <span class='ocrx_word' id='word_1_616' title='bbox 1224 4345 1313 4383; x_wconf 88' lang='lat' dir='ltr'>cansa</span> <span class='ocrx_word' id='word_1_617' title='bbox 1337 4330 1404 4385; x_wconf 89' lang='lat' dir='ltr'>talis</span> <span class='ocrx_word' id='word_1_618' title='bbox 1424 4328 1511 4400; x_wconf 81' lang='lat' dir='ltr'>legati</span> <span class='ocrx_word' id='word_1_619' title='bbox 1529 4336 1606 4395; x_wconf 75' lang='lat' dir='ltr'>expe-</span> 
     </span>
     <span class='ocr_line' id='line_1_54' title="bbox 288 4399 1606 4482; baseline -0.008 -20"><span class='ocrx_word' id='word_1_620' title='bbox 288 4417 424 4482; x_wconf 87' lang='lat' dir='ltr'>tempore</span> <span class='ocrx_word' id='word_1_621' title='bbox 444 4422 482 4459; x_wconf 91' lang='lat' dir='ltr'>ne</span> <span class='ocrx_word' id='word_1_622' title='bbox 503 4404 673 4459; x_wconf 89' lang='lat' dir='ltr'>inimicitias</span> <span class='ocrx_word' id='word_1_623' title='bbox 696 4400 818 4477; x_wconf 90' lang='lat' dir='ltr'>quidem</span> <span class='ocrx_word' id='word_1_624' title='bbox 838 4417 943 4477; x_wconf 84' lang='lat' dir='ltr'>gerere</span> <span class='ocrx_word' id='word_1_625' title='bbox 973 4403 1054 4458; x_wconf 91' lang='lat' dir='ltr'>tendi</span> <span class='ocrx_word' id='word_1_626' title='bbox 1075 4402 1166 4468; x_wconf 90' lang='lat' dir='ltr'>facit,</span> <span class='ocrx_word' id='word_1_627' title='bbox 1195 4414 1228 4458; x_wconf 92' lang='lat' dir='ltr'>nt</span> <span class='ocrx_word' id='word_1_628' title='bbox 1250 4404 1282 4458; x_wconf 90' lang='lat' dir='ltr'>in</span> <span class='ocrx_word' id='word_1_629' title='bbox 1303 4402 1428 4459; x_wconf 87' lang='lat' dir='ltr'>alteram</span> <span class='ocrx_word' id='word_1_630' title='bbox 1448 4399 1606 4458; x_wconf 80' lang='lat' dir='ltr'>sententian</span> 
     </span>
    </p>

    <p class='ocr_par' dir='ltr' id='par_1_7' title="bbox 288 4476 1607 5007">
     <span class='ocr_line' id='line_1_55' title="bbox 311 4476 1607 4551; baseline -0.011 -15"><span class='ocrx_word' id='word_1_631' title='bbox 311 4489 439 4536; x_wconf 82' lang='lat' dir='ltr'>sterant.</span> <span class='ocrx_word' id='word_1_632' title='bbox 463 4507 493 4517; x_wconf 92' lang='lat'><em>-</em></span> <span class='ocrx_word' id='word_1_633' title='bbox 516 4476 669 4534; x_wconf 87' lang='lat' dir='ltr'>Corradus</span> <span class='ocrx_word' id='word_1_634' title='bbox 685 4488 786 4533; x_wconf 90' lang='lat' dir='ltr'>censet</span> <span class='ocrx_word' id='word_1_635' title='bbox 800 4476 945 4533; x_wconf 85' lang='lat' dir='ltr'>Rutilium</span> <span class='ocrx_word' id='word_1_636' title='bbox 973 4479 1068 4551; x_wconf 85' lang='lat' dir='ltr'>inagis</span> <span class='ocrx_word' id='word_1_637' title='bbox 1083 4478 1273 4535; x_wconf 88' lang='lat' dir='ltr'>inclinemus.</span> <span class='ocrx_word' id='word_1_638' title='bbox 1299 4479 1372 4535; x_wconf 85' lang='lat' dir='ltr'>Veri</span> <span class='ocrx_word' id='word_1_639' title='bbox 1389 4478 1513 4535; x_wconf 88' lang='lat' dir='ltr'>similius</span> <span class='ocrx_word' id='word_1_640' title='bbox 1525 4482 1607 4530; x_wconf 87' lang='lat' dir='ltr'>auten</span> 
     </span>
     <span class='ocr_line' id='line_1_56' title="bbox 288 4500 1606 4629; baseline -0.005 -16"><span class='ocrx_word' id='word_1_641' title='bbox 288 4500 445 4621; x_wconf 61' lang='lat' dir='ltr'>Pontificis</span> <span class='ocrx_word' id='word_1_642' title='bbox 474 4572 552 4609; x_wconf 82' lang='lat' dir='ltr'>inax.</span> <span class='ocrx_word' id='word_1_643' title='bbox 572 4552 702 4627; x_wconf 89' lang='lat' dir='ltr'>legatum</span> <span class='ocrx_word' id='word_1_644' title='bbox 728 4552 776 4608; x_wconf 87' lang='lat' dir='ltr'>vel</span> <span class='ocrx_word' id='word_1_645' title='bbox 803 4562 945 4628; x_wconf 89' lang='lat' dir='ltr'>quaesto·</span> <span class='ocrx_word' id='word_1_646' title='bbox 973 4550 1150 4610; x_wconf 89' lang='lat' dir='ltr'>Pontificem</span> <span class='ocrx_word' id='word_1_647' title='bbox 1175 4572 1255 4610; x_wconf 82' lang='lat' dir='ltr'>max.</span> <span class='ocrx_word' id='word_1_648' title='bbox 1284 4552 1451 4629; x_wconf 86' lang='lat' dir='ltr'>significari</span> <span class='ocrx_word' id='word_1_649' title='bbox 1478 4568 1561 4609; x_wconf 81' lang='lat' dir='ltr'>nunni</span> <span class='ocrx_word' id='word_1_650' title='bbox 1577 4560 1606 4599; x_wconf 72' lang='grc'>11</span> 
     </span>
     <span class='ocr_line' id='line_1_57' title="bbox 288 4630 1606 4706; baseline -0.007 -18"><span class='ocrx_word' id='word_1_651' title='bbox 288 4648 353 4689; x_wconf 87' lang='lat' dir='ltr'>rem</span> <span class='ocrx_word' id='word_1_652' title='bbox 368 4631 459 4705; x_wconf 81' lang='lat' dir='ltr'>(husie</span> <span class='ocrx_word' id='word_1_653' title='bbox 473 4630 532 4685; x_wconf 87' lang='lat' dir='ltr'>iam</span> <span class='ocrx_word' id='word_1_654' title='bbox 546 4630 718 4696; x_wconf 87' lang='lat' dir='ltr'>reiecimus)</span> <span class='ocrx_word' id='word_1_655' title='bbox 735 4647 795 4684; x_wconf 91' lang='lat' dir='ltr'>uon</span> <span class='ocrx_word' id='word_1_656' title='bbox 811 4630 944 4703; x_wconf 87' lang='lat' dir='ltr'>potuisse</span> <span class='ocrx_word' id='word_1_657' title='bbox 973 4630 1010 4685; x_wconf 88' lang='lat' dir='ltr'>iis</span> <span class='ocrx_word' id='word_1_658' title='bbox 1031 4630 1233 4703; x_wconf 89' lang='lat' dir='ltr'>argumentis,</span> <span class='ocrx_word' id='word_1_659' title='bbox 1260 4648 1335 4706; x_wconf 88' lang='lat' dir='ltr'>quae</span> <span class='ocrx_word' id='word_1_660' title='bbox 1355 4649 1412 4706; x_wconf 91' lang='lat' dir='ltr'>pro</span> <span class='ocrx_word' id='word_1_661' title='bbox 1432 4648 1485 4686; x_wconf 88' lang='lat' dir='ltr'>sua</span> <span class='ocrx_word' id='word_1_662' title='bbox 1504 4634 1606 4684; x_wconf 83' lang='lat' dir='ltr'>senteu-</span> 
     </span>
     <span class='ocr_line' id='line_1_58' title="bbox 289 4703 1603 4778; baseline -0.004 -17"><span class='ocrx_word' id='word_1_663' title='bbox 289 4705 358 4765; x_wconf 87' lang='lat' dir='ltr'>fieri</span> <span class='ocrx_word' id='word_1_664' title='bbox 374 4724 426 4778; x_wconf 81' lang='lat' dir='ltr'>par</span> <span class='ocrx_word' id='word_1_665' title='bbox 442 4713 584 4776; x_wconf 73' lang='lat' dir='ltr'>acernisque</span> <span class='ocrx_word' id='word_1_666' title='bbox 601 4712 734 4757; x_wconf 79' lang='lat' dir='ltr'>aetatem.</span> <span class='ocrx_word' id='word_1_667' title='bbox 762 4703 861 4758; x_wconf 87' lang='lat' dir='ltr'>Aliter</span> <span class='ocrx_word' id='word_1_668' title='bbox 874 4721 945 4760; x_wconf 87' lang='lat' dir='ltr'>sen·</span> <span class='ocrx_word' id='word_1_669' title='bbox 974 4706 1013 4760; x_wconf 90' lang='lat' dir='ltr'>tia</span> <span class='ocrx_word' id='word_1_670' title='bbox 1029 4703 1184 4761; x_wconf 86' lang='lat' dir='ltr'>Corradus</span> <span class='ocrx_word' id='word_1_671' title='bbox 1198 4706 1307 4771; x_wconf 88' lang='lat' dir='ltr'>attulit,</span> <span class='ocrx_word' id='word_1_672' title='bbox 1325 4724 1381 4761; x_wconf 90' lang='lat' dir='ltr'>nos</span> <span class='ocrx_word' id='word_1_673' title='bbox 1396 4705 1500 4761; x_wconf 87' lang='lat' dir='ltr'>docere</span> <span class='ocrx_word' id='word_1_674' title='bbox 1513 4703 1603 4777; x_wconf 66' lang='lat' dir='ltr'>potest</span> 
     </span>
     <span class='ocr_line' id='line_1_59' title="bbox 290 4773 1606 4855; baseline -0.006 -16"><span class='ocrx_word' id='word_1_675' title='bbox 290 4783 351 4848; x_wconf 83' lang='lat' dir='ltr'>tio;</span> <span class='ocrx_word' id='word_1_676' title='bbox 373 4799 442 4835; x_wconf 90' lang='lat' dir='ltr'>nam</span> <span class='ocrx_word' id='word_1_677' title='bbox 462 4798 551 4855; x_wconf 90' lang='lat' dir='ltr'>saepe</span> <span class='ocrx_word' id='word_1_678' title='bbox 564 4781 694 4835; x_wconf 88' lang='lat' dir='ltr'>maiores</span> <span class='ocrx_word' id='word_1_679' title='bbox 708 4788 780 4834; x_wconf 88' lang='lat' dir='ltr'>natu</span> <span class='ocrx_word' id='word_1_680' title='bbox 795 4780 944 4835; x_wconf 89' lang='lat' dir='ltr'>minorum</span> <span class='ocrx_word' id='word_1_681' title='bbox 972 4780 1049 4835; x_wconf 88' lang='lat' dir='ltr'>Nam</span> <span class='ocrx_word' id='word_1_682' title='bbox 1070 4780 1149 4854; x_wconf 87' lang='lat' dir='ltr'>quod</span> <span class='ocrx_word' id='word_1_683' title='bbox 1164 4779 1236 4835; x_wconf 88' lang='lat' dir='ltr'>dicit</span> <span class='ocrx_word' id='word_1_684' title='bbox 1250 4780 1433 4836; x_wconf 86' lang='lat' dir='ltr'>defensionis</span> <span class='ocrx_word' id='word_1_685' title='bbox 1447 4773 1606 4847; x_wconf 74' lang='lat' dir='ltr'>descriptiu-</span> 
     </span>
     <span class='ocr_line' id='line_1_60' title="bbox 290 4850 1605 4932; baseline -0.003 -18"><span class='ocrx_word' id='word_1_686' title='bbox 290 4857 406 4931; x_wconf 81' lang='lat' dir='ltr'>legatos</span> <span class='ocrx_word' id='word_1_687' title='bbox 426 4856 518 4912; x_wconf 89' lang='lat' dir='ltr'>fuisse</span> <span class='ocrx_word' id='word_1_688' title='bbox 539 4866 642 4912; x_wconf 89' lang='lat' dir='ltr'>notum</span> <span class='ocrx_word' id='word_1_689' title='bbox 661 4864 716 4910; x_wconf 88' lang='lat' dir='ltr'>est.</span> <span class='ocrx_word' id='word_1_690' title='bbox 757 4853 857 4911; x_wconf 89' lang='lat' dir='ltr'>Unum</span> <span class='ocrx_word' id='word_1_691' title='bbox 877 4864 945 4909; x_wconf 91' lang='lat' dir='ltr'>tau·</span> <span class='ocrx_word' id='word_1_692' title='bbox 974 4874 1042 4910; x_wconf 89' lang='lat' dir='ltr'>nem</span> <span class='ocrx_word' id='word_1_693' title='bbox 1071 4855 1165 4929; x_wconf 84' lang='lat' dir='ltr'>magis</span> <span class='ocrx_word' id='word_1_694' title='bbox 1194 4850 1312 4932; x_wconf 85' lang='lat' dir='ltr'>Augnri</span> <span class='ocrx_word' id='word_1_695' title='bbox 1342 4857 1504 4912; x_wconf 86' lang='lat' dir='ltr'>convenire</span> <span class='ocrx_word' id='word_1_696' title='bbox 1533 4861 1605 4926; x_wconf 73' lang='lat' dir='ltr'>qutffl</span> 
     </span>
     <span class='ocr_line' id='line_1_61' title="bbox 289 4922 1604 5007; baseline -0.003 -19"><span class='ocrx_word' id='word_1_697' title='bbox 289 4936 353 4988; x_wconf 81' lang='lat' dir='ltr'>tuna</span> <span class='ocrx_word' id='word_1_698' title='bbox 380 4930 468 5006; x_wconf 88' lang='lat' dir='ltr'>idque</span> <span class='ocrx_word' id='word_1_699' title='bbox 493 4933 664 5007; x_wconf 84' lang='lat' dir='ltr'>proximum</span> <span class='ocrx_word' id='word_1_700' title='bbox 683 4930 852 5005; x_wconf 79' lang='lat' dir='ltr'>exemplum</span> <span class='ocrx_word' id='word_1_701' title='bbox 871 4927 945 4986; x_wconf 77' lang='lat' dir='ltr'>afic-</span> <span class='ocrx_word' id='word_1_702' title='bbox 972 4927 1115 4989; x_wconf 81' lang='lat' dir='ltr'>Pontifici</span> <span class='ocrx_word' id='word_1_703' title='bbox 1133 4949 1227 5002; x_wconf 75' lang='lat' dir='ltr'>marn,</span> <span class='ocrx_word' id='word_1_704' title='bbox 1248 4930 1278 4988; x_wconf 94' lang='lat' dir='ltr'>id</span> <span class='ocrx_word' id='word_1_705' title='bbox 1294 4948 1382 4989; x_wconf 85' lang='lat' dir='ltr'>secus</span> <span class='ocrx_word' id='word_1_706' title='bbox 1397 4949 1428 4989; x_wconf 89' lang='lat' dir='ltr'>se</span> <span class='ocrx_word' id='word_1_707' title='bbox 1442 4928 1534 4988; x_wconf 77' lang='lat' dir='ltr'>hahet</span> <span class='ocrx_word' id='word_1_708' title='bbox 1555 4922 1604 4980; x_wconf 68' lang='lat' dir='ltr'>Bt*</span> 
     </span>
    </p>
   </div>
   <div class='ocr_carea' id='block_1_7' title="bbox 821 5040 825 5075">
    <p class='ocr_par' dir='ltr' id='par_1_8' title="bbox 821 5040 825 5075">
     <span class='ocr_line' id='line_1_62' title="bbox 821 5040 825 5075; baseline 0 0"><span class='ocrx_word' id='word_1_709' title='bbox 821 5040 825 5075; x_wconf 88' lang='lat' dir='ltr'>l</span> 
     </span>
    </p>
   </div>
   <div class='ocr_carea' id='block_1_8' title="bbox 0 0 1687 5596">
    <p class='ocr_par' dir='ltr' id='par_1_9' title="bbox 0 0 1687 5596">
     <span class='ocr_line' id='line_1_63' title="bbox 0 0 1687 5596; baseline 0 0"><span class='ocrx_word' id='word_1_710' title='bbox 0 0 1687 5596; x_wconf 95' lang='lat' dir='ltr'> </span> 
     </span>
    </p>
   </div>
  </div>
 </body>
</html>
