3402 5598
63 304 66 313 ‚
173 252 180 297 l

512 379 563 457 rr.
584 380 743 459 rusios
766 385 962 501 saurus.
1287 401 1291 411 ·
1345 394 1407 464 aa

61 522 172 598 deret,
196 528 306 596 Brute,
334 548 372 587 ne
393 542 445 588 tua
466 531 631 589 liberalitas
658 532 722 591 dis·
751 553 807 609 ego
830 538 930 592 omnia
957 535 996 593 ad
1022 535 1209 604 libertatem,
1236 557 1313 614 quae
1341 542 1406 596 sine

59 604 192 661 solutior
224 607 374 663 rideatur.
428 608 650 665 Pseudocicero
685 609 722 666 ad
751 628 824 684 paee
858 611 938 668 nulla
969 624 1030 668 est:
1065 633 1169 689 pacem
1204 616 1300 689 ipsam
1325 612 1405 672 bello

60 679 152 737 Brut.
176 690 209 749 1,
229 689 258 744 5.
279 712 318 726 -
336 682 371 741 C.
389 681 542 752 Antonio,
568 703 656 760 quem
674 704 720 741 me
750 696 838 762 atque
852 689 945 743 armis
963 686 1040 744 ellici
1055 708 1144 764 posse
1158 687 1340 747 arbitrabar.
1355 724 1374 735 -
1387 724 1406 736 ·

59 755 203 813 occidere
222 776 272 814 res
288 777 350 815 uon
367 760 476 832 coligit,
499 778 595 837 neque
615 761 722 816 crude·
750 758 941 831 Exercitum,
969 767 1091 839 copias,
1119 765 1254 839 legiones
1281 766 1405 823 idoneas

56 831 132 888 liter
153 833 315 910 quidquam
340 834 437 910 eripui
458 854 555 911 neque
576 834 720 892 dissolute
747 837 941 912 pertebreri
955 850 1089 915 tempore
1103 840 1405 917 comparastiPseu-

58 907 225 986 quidquam
255 910 375 979 remisi,
407 909 555 990 habuique
591 914 622 968 in
653 930 717 969 mea
748 913 844 970 docic.
883 921 916 982 2,
954 920 1000 984 7.]
1030 946 1068 960 -
1096 916 1182 973 Illam
1215 916 1285 995 περὶ
1312 919 1405 977 τελῶν

54 994 226 1058 potestate,
258 985 356 1062 quoad
385 984 495 1044 bellurn
521 989 586 1045 luit.
623 987 718 1043 Pseu·
748 996 894 1062 σύνταξιν
919 1007 992 1047 sane
1016 993 1088 1048 mihi
1111 990 1270 1067 probatam
1295 991 1401 1060 Bruto,

54 1057 181 1116 dobrut.
211 1059 249 1117 ad
270 1060 332 1119 Cic.
358 1070 385 1128 1,
409 1064 438 1120 lt.
464 1092 495 1103 -
518 1063 660 1129 Decrevi,
686 1074 717 1119 ut
746 1075 779 1119 ut
804 1063 860 1121 tibi
885 1065 1016 1140 placuit,
1049 1067 1282 1143 despondimus:
1315 1068 1404 1144 idque

56 1146 112 1203 tn,
140 1133 252 1202 Brute,
286 1139 312 1193 si
334 1136 520 1196 arbitrarere
543 1138 616 1196 utile
642 1157 716 1215 eque
746 1149 779 1195 tu
801 1158 868 1196 eum
891 1160 952 1198 non
977 1141 1057 1199 nolle
1081 1140 1269 1220 significasti.
1299 1149 1347 1207 (a.
1371 1162 1402 1201 u.

57 1229 95 1266 re
125 1208 246 1286 publica
276 1230 359 1279 esse,
395 1231 611 1292 persequerere
638 1213 717 1271 bello
747 1233 773 1271 c.
794 1220 875 1285 709.)
894 1216 1011 1275 adar.
1038 1225 1089 1286 15,
1112 1228 1165 1285 12,
1185 1224 1218 1279 5.
1242 1248 1278 1261 -
1299 1218 1336 1275 Ei
1355 1221 1404 1276 in·

53 1284 263 1355 Dolabellanr;
285 1291 311 1345 si
331 1289 430 1346 minus
451 1292 481 1347 id
502 1289 659 1347 commodo
671 1292 717 1346 rei
746 1292 854 1366 scripti
870 1303 941 1348 snut
960 1292 1030 1351 libri
1051 1294 1087 1350 de
1107 1295 1233 1352 Finibus
1252 1293 1403 1352 honorum

53 1359 199 1437 publicae
225 1362 327 1420 lacere
369 1383 454 1422 osses
478 1369 542 1423 sire
565 1384 627 1424 non
652 1368 717 1422 exi·
745 1377 775 1421 et
794 1367 952 1425 malorum.
982 1370 1240 1437 deFinu.1,1,
1265 1381 1292 1428 1.
1310 1397 1346 1413 -
1365 1370 1403 1429 Ei

54 1440 200 1494 stimaroo
214 1455 230 1493 e
244 1384 413 1514 republica
428 1459 504 1509 esse,
517 1453 550 1499 ut
564 1445 594 1499 in
609 1440 716 1498 iisdem
746 1444 885 1517 inscripti
905 1456 976 1503 suut
994 1444 1064 1502 libri
1085 1446 1122 1503 de
1143 1456 1250 1503 natura
1265 1445 1401 1504 deorum.

52 1512 134 1570 locis
149 1516 315 1589 exercitum
329 1517 513 1573 contineres.
540 1516 717 1574 Pseudocic.
746 1514 786 1573 dc'
802 1517 873 1575 Nat.
896 1518 934 1576 D.
962 1532 988 1588 1,
1011 1530 1040 1588 1,
1063 1530 1089 1579 1.
1110 1553 1148 1566 ·-
1169 1522 1205 1578 Ei
1227 1522 1403 1579 inscribun-

55 1588 95 1647 ad
117 1587 205 1647 Brut.
228 1599 262 1658 1,
284 1596 312 1649 5.
334 1621 370 1634 -
391 1590 427 1648 L.
451 1591 590 1650 Bibulum
611 1595 641 1649 iu
662 1612 717 1669 pe·
745 1604 796 1648 tur
809 1594 999 1653 Tusculanae
1020 1597 1248 1672 disputationes.
1275 1598 1399 1655 Tuscul.

54 1664 167 1725 titione
201 1666 375 1722 consulatus
406 1669 597 1727 commendat
629 1668 717 1726 Cice·
746 1678 779 1733 1,
813 1682 845 1735 1,
881 1679 909 1727 1.
942 1703 976 1716 ·-
1006 1672 1044 1728 Ei
1073 1671 1214 1730 inscribit
1239 1671 1403 1730 Oratorem

54 1743 128 1798 roni
156 1739 359 1799 Pseudobrut.
391 1751 425 1810 1,
454 1753 480 1805 7.
508 1774 546 1789 —-
571 1744 646 1801 Item
680 1744 715 1801 C.
746 1744 864 1802 Cicero.
895 1745 983 1804 Orat.
1006 1755 1034 1815 1,
1061 1756 1088 1806 1.
1111 1778 1145 1792 -
1166 1749 1240 1805 Eius
1254 1750 1402 1806 maximae

57 1816 258 1873 Nasenniurn.
281 1815 324 1873 lh.
337 1817 395 1892 Ep.
410 1821 540 1880 8.-Ιιι
554 1832 592 1888 te,
608 1818 712 1885 Brute,
745 1820 859 1879 laudes.
887 1820 963 1881 lbid.
985 1833 1040 1890 1ο,
1063 1828 1111 1884 55.
1133 1854 1168 1868 -
1188 1824 1342 1900 Epistulae
1364 1825 1403 1884 ad
1489 1886 1499 1901 ,

53 1910 122 1949 nou
144 1891 242 1957 solnm
262 1896 413 1951 exercitus
432 1897 494 1962 tui,
517 1896 716 1953 sedoruuium
746 1899 958 1956 commissae:
987 1898 1025 1955 ad
1046 1900 1130 1955 Fam.
1153 1907 1200 1962 13.
1228 1899 1286 1976 Ep.
1303 1908 1402 1961 10.-

54 1970 171 2025 civium
186 1970 332 2043 ac'paene
347 1972 483 2045 gentium
496 1974 624 2029 coniecti
636 1970 715 2028 oculi
745 1971 802 2047 Rp.
839 1977 884 2031 tlt.
923 1975 1184 2032 commendatitiae
1216 1993 1330 2032 omues.
1363 2005 1403 2022 -
1525 2026 1530 2033 .

53 2054 141 2100 suut.
180 2043 359 2101 Pseudocic.
395 2045 432 2102 ad
456 2046 541 2104 Brut.
567 2056 602 2115 1,
628 2053 657 2106 9.
680 2076 714 2089 -
746 2047 895 2123 Fragmm.
928 2050 1134 2107 Eistolarum
1164 2050 1202 2107 ad
1231 2069 1311 2108 eum.
1346 2051 1400 2109 Fr.

51 2119 198 2176 Incitasti
215 2130 248 2176 ιιι
263 2139 320 2189 me,
336 2119 442 2191 Brute,
462 2122 575 2180 Veliae.
601 2120 716 2193 Quam·
746 2143 775 2198 p.
797 2125 863 2183 165.
888 2154 919 2164 -
972 2125 1235 2202 eBrutiscriptis
1256 2128 1402 2184 haecno·

53 2213 148 2272 quam
176 2198 256 2253 enim
285 2194 423 2254 dolebam
450 2199 480 2255 in
503 2218 570 2256 eam
593 2216 640 2255 rue
663 2216 716 2254 ur·
746 2199 852 2255 tanda:
873 2230 911 2242 -
931 2201 1022 2268 Mihi,
1042 2201 1152 2268 Brute,
1174 2205 1206 2259 in
1224 2214 1253 2259 te
1273 2204 1401 2259 intuenti

52 2270 128 2328 bern
152 2270 214 2338 ire,
239 2290 330 2349 quam
353 2283 385 2329 tu
406 2274 545 2349 lugeres,
568 2288 624 2319 -”-
644 2292 717 2349 per·
745 2273 855 2331 crebro
870 2278 900 2333 in
916 2289 1045 2333 urentem
1057 2280 1139 2347 venit
1149 2280 1259 2344 vereri,
1269 2278 1403 2353 ecquod-

52 2350 125 2421 rexi
145 2357 245 2404 tamen
266 2347 448 2425 Romamque
469 2351 595 2425 perveni
617 2348 713 2406 nullo·
746 2370 815 2406 nam
834 2353 1019 2409 curriculum
1037 2353 1196 2429 aliquando
1210 2357 1250 2409 sit
1262 2351 1403 2410 habitura

98 2441 116 2479 e
175 2422 307 2480 raesidio
347 2426 495 2500 quatefeci
536 2427 713 2483 Antonium.
746 2438 794 2483 tua
817 2438 847 2483 ct
869 2439 976 2485 natura
997 2427 1184 2484 admirabilis
1204 2430 1402 2506 et'exquisita

80 2517 138 2555 aen
161 2501 238 2556 ocio.
269 2498 307 2555 ad
324 2497 413 2556 Brut.
440 2511 474 2569 1,
502 2510 547 2562 tt).
569 2502 716 2559 -vere-
745 2505 883 2559 doctrina
903 2514 932 2560 et
954 2504 1116 2578 singularis
1135 2504 1294 2560 industria.
1325 2503 1402 2561 Cum

53 2592 123 2631 rem
155 2575 320 2633 Antistium
354 2576 544 2634 commendat
573 2576 715 2634 Ciceroni
745 2580 869 2634 enimin
886 2580 1023 2635 maximia
1041 2580 1140 2635 causis
1157 2590 1297 2635 versatus
1316 2596 1400 2636 esses

55 2649 262 2708 Pseudobrut.
287 2659 320 2720 1,
347 2660 393 2709 11.
418 2684 450 2696 -
473 2653 521 2710 Ad
541 2652 666 2729 gloriam
687 2662 716 2707 et
745 2664 774 2709 et
797 2672 865 2710 curu
886 2653 941 2712 tibi
962 2665 1044 2711 actas
1071 2664 1177 2711 nostra
1200 2656 1259 2710 iam
1279 2655 1401 2711 cederet

57 2724 237 2803 dignitatem
267 2737 348 2784 tuam
371 2728 564 2786 vehementer
584 2730 715 2804 pertinet
745 2732 901 2806 fascesque
914 2732 1130 2797 summitteret,
1153 2728 1254 2786 subito
1271 2732 1304 2786 in
1325 2731 1402 2786 ciri-

57 2813 87 2857 te
121 2808 153 2860 in
185 2801 303 2860 ltaliam
341 2807 447 2861 uenire
482 2807 713 2882 quamprimum.
745 2813 804 2863 tate
829 2824 897 2863 cum
919 2805 977 2862 alia
1001 2804 1193 2874 ceciderunt,
1224 2816 1288 2862 tum
1310 2806 1402 2862 etiam

55 2876 238 2935 Pseudocic.
265 2878 302 2936 ad
324 2877 411 2936 Brut.
436 2888 470 2947 1,
492 2886 539 2939 12.
561 2910 598 2925 -
618 2878 716 2937 Soro-
744 2900 779 2938 ea
798 2883 880 2955 ipsa,
911 2880 948 2937 de
977 2900 1035 2958 qua
1062 2881 1217 2957 disputare
1243 2880 1399 2948 ordimur,

54 2956 101 3010 ria
123 2971 196 3010 suae
216 2952 346 3021 liberos,
367 2954 475 3032 Lepidi
484 2953 574 3024 filios,
591 2956 715 3013 Cicero·
744 2959 914 3034 eloquentia
940 2955 1097 3014 obmutuit.
1127 2957 1214 3015 Brut.
1239 2960 1268 3025 6,
1293 2965 1341 3015 22.
1363 2986 1402 3000 -

53 3030 106 3086 nis
125 3031 354 3088 misericordiae
375 3031 565 3089 commendat
579 3030 716 3089 Pseudo·
744 3033 954 3090 Memorautur
978 3040 1006 3103 1)
1027 3032 1114 3090 Bruti
1134 3032 1241 3090 Oratio
1261 3051 1318 3108 pro
1338 3031 1402 3089 De-

54 3104 139 3162 hrut.
171 3116 205 3174 1,
235 3111 282 3168 15.
317 3136 348 3147 -
377 3106 470 3165 Omni
496 3108 595 3165 studio
622 3128 639 3164 a
665 3118 712 3175 te,
744 3112 842 3167 iotaro
881 3126 954 3184 rege
985 3128 1013 3166 a.
1044 3128 1075 3165 ιι.
1110 3127 1138 3165 c.
1174 3116 1241 3169 707.
1281 3105 1399 3177 liabita3
1440 3177 1445 3183 Ι

54 3182 99 3238 mi
127 3179 240 3250 Brute,
269 3183 441 3250 contendo,
477 3194 510 3240 ut
535 3184 715 3242 Ciceronem
743 3192 774 3253 2)
797 3184 905 3242 Oratio
934 3187 965 3241 in
992 3186 1133 3257 contione
1154 3183 1324 3258 Capitolina
1347 3185 1403 3241 ha-

55 3274 158 3313 meum
180 3275 219 3314 ue
240 3257 372 3315 dimittas
392 3268 550 3336 tecumque
573 3258 714 3317 deducas.
743 3259 823 3327 bita3
863 3260 893 3335 5)
917 3259 1025 3317 Oratio
1054 3278 1112 3335 pro
1143 3260 1246 3334 Appio
1276 3257 1402 3317 Claudio

53 3331 236 3390 Prendocic.
264 3344 300 3401 1,
328 3338 374 3393 tlt.
394 3365 433 3379 -
452 3334 613 3393 Messalam
637 3336 715 3393 Cor·
743 3337 893 3401 Pulchro,
918 3354 1026 3393 socero
1044 3354 1109 3393 suo.
1129 3334 1326 3408 (Hortensius
1339 3352 1401 3392 una

55 3408 163 3465 vinnm
192 3407 289 3466 Bruto
320 3410 509 3468 commendat
534 3408 711 3468 Pseudocic.
744 3424 841 3469 tecum
880 3426 1020 3475 socerum
1051 3420 1135 3467 tuum
1169 3410 1302 3468 defendit
1337 3412 1404 3485 Ap-

55 3494 91 3551 1,
113 3490 160 3543 15.
182 3514 220 3529 -
240 3484 440 3542 Octavianum
456 3486 552 3544 Bruto
572 3485 713 3543 dilaudat.
743 3490 836 3564 pium.
857 3485 944 3544 Brut.
960 3488 1009 3553 91,
1026 3487 1109 3554 521.)
1127 3488 1159 3560 lt)
1172 3484 1322 3543 Laudatis
1335 3487 1403 3560 Ap-

53 3556 134 3617 Ibid.
176 3586 213 3601 -
254 3559 429 3636 Respondet
466 3560 711 3620 Pseudohrutus:
744 3565 785 3639 pii
798 3561 928 3619 Claudii.
943 3561 1081 3619 Diomed.
1104 3580 1135 3637 p.
1150 3564 1216 3622 tot.
1232 3561 1269 3617 Ρ.
1296 3561 1326 3632 5)
1340 3559 1404 3617 De·

55 3634 163 3710 „Egra
198 3635 315 3692 medius
343 3634 449 3705 lidius,
481 3654 542 3694 non
575 3638 713 3694 existimo
743 3639 882 3695 clamatio
904 3656 962 3712 pro
986 3637 1111 3695 Milone.
1151 3634 1280 3707 Quintil.
1308 3640 1345 3703 5,
1369 3639 1399 3703 6,

56 3721 120 3766 tam
137 3729 241 3768 omnes
263 3712 335 3768 deos
354 3730 480 3769 aversos
500 3730 566 3769 esse
586 3733 603 3770 a
618 3712 713 3769 salute
741 3722 788 3776 93.
809 3717 976 3781 10,1,25.,
998 3712 1035 3768 ad
1048 3730 1136 3800 quam
1149 3712 1282 3768 retertur
1294 3711 1343 3798 laic
1356 3710 1403 3798 lo·

54 3786 178 3937 121.
186 3786 301 3919 ‘itta‘
305 3787 634 3931 'tuil.‘l⁰h⁸i¹¹ll.l¹'?
637 3787 714 3920 ”iti
743 3784 1401 3930 tlt...tt2tamulth:“thttftlstff

55 3936 156 3994 dicam
203 3956 239 3995 ro
260 3883 475 3997 liberatorhua
502 3937 586 3996 orbis
615 3951 714 3997 terra·
741 3939 794 3999 fici
826 3940 963 3998 Clodium
995 3958 1052 4015 pro
1082 3956 1115 3996 re
1142 3937 1262 4014 publica
1294 3936 1399 4004 luisse,

56 4012 155 4069 rnm.”
181 3956 356 4082 [ib.1,16.
373 4047 403 4059 -
420 4016 468 4073 Ad
482 4018 616 4074 Atticum
635 4018 714 4073 acri·
743 4035 832 4095 quam
851 4016 980 4073 formam
1002 4014 1044 4071 M.
1063 4013 1175 4071 Brutus
1206 4022 1327 4069 secutus
1353 4025 1400 4070 ost

55 4086 132 4145 bens
168 4089 295 4146 ermulta
309 4091 340 4147 in
355 4090 501 4149 Cicerone
518 4094 714 4167 reprehendit
742 4097 773 4151 iu
788 4111 823 4148 ea
836 4094 995 4157 oratione,
1010 4108 1100 4167 quam
1112 4109 1170 4165 pro
1188 4088 1303 4146 Milone
1317 4105 1401 4145 oom-

56 4164 136 4221 Pseu
158 4163 285 4222 obrutus
311 4164 378 4223 Lib.
406 4178 439 4235 1,
465 4177 511 4228 17.
533 4199 571 4213 -
589 4169 710 4235 Denuo,
741 4170 842 4245 posuit
861 4180 891 4225 et
915 4166 1009 4224 edidit
1028 4167 1116 4300 quasi
1138 4167 1259 4242 egisset.
1284 4165 1399 4221 Ascon.

53 4244 712 4378 {huttat‘3t’ta2fflal‘tltht‘ttl:
742 4243 929 4376 filllal.
948 4238 1247 4376 lli..'il⁰lahil'
1263 4248 1399 4373 ,lollii

57 4404 91 4459 1,
117 4401 164 4455 18.
187 4393 290 4450 -Te
317 4393 406 4451 video
427 4394 570 4454 delectari
592 4397 712 4472 Philip·
741 4395 885 4453 nonnulla
907 4394 1022 4452 Seneca
1047 4393 1170 4451 Consul.
1200 4391 1237 4449 ad
1260 4390 1399 4449 Helviam

76 4468 134 4524 icis
166 4471 291 4525 nostris.
331 4468 509 4529 Pseudocic.
545 4481 579 4541 2,
614 4474 643 4532 d.
675 4502 710 4516 -
740 4492 768 4529 c.
781 4478 810 4532 9.
822 4471 910 4529 -ltt
919 4469 1032 4529 Brutus
1043 4471 1074 4525 iu
1088 4487 1123 4525 co
1133 4467 1222 4535 libro,
1233 4485 1321 4544 quem
1330 4466 1400 4547 περὶ

53 4486 168 4600 llescio
201 4546 310 4611 animi,
342 4564 381 4601 an
414 4548 527 4621 ingenii
552 4548 650 4605 maior·
681 4550 711 4604 iu
740 4543 1400 4622 numquamneinscripsit,datmultapraece-

53 4620 102 4676 his
136 4617 243 4678 libellis
283 4620 368 4677 locus
405 4626 608 4681 contineatur.
648 4623 711 4679 lam
740 4632 790 4698 pta
803 4620 1018 4697 etpareutihna
1036 4632 1065 4676 et
1075 4617 1178 4676 liberis
1194 4628 1223 4675 et
1238 4617 1395 4676 fratribus.

56 4696 208 4764 concedo,
236 4707 269 4754 ut
296 4696 344 4753 vel
367 4696 527 4774 Philippici
553 4711 709 4765 vocentur,
741 4698 858 4756 Seneca
876 4697 932 4772 up.
954 4699 1002 4754 95.
1018 4725 1049 4736 -
1061 4695 1096 4751 In
1109 4695 1233 4769 scriptis
1247 4694 1285 4750 ad
1297 4694 1399 4770 philo-

56 4771 137 4847 quod
158 4782 191 4829 tu
214 4771 342 4850 quadarn
361 4774 488 4847 epistola
510 4777 614 4832 iocans
635 4777 713 4831 acri·
740 4776 876 4849 sophiam
892 4769 1114 4848 pertinentibus
1135 4772 1298 4845 ,egregius
1320 4772 1398 4858 mul-

57 4848 155 4922 psisti.
189 4847 393 4907 Pseudobrut.
421 4855 455 4916 2,
481 4855 509 4910 5.
534 4881 565 4892 -
589 4850 712 4907 Recenti
740 4861 830 4927 toque
844 4867 932 4926 quam
946 4849 977 4903 ia
991 4845 1181 4904 orationibus
1193 4857 1398 4920 praestantror

56 4922 111 4980 illo
146 4936 285 5002 tempore
322 4934 355 4981 tu
389 4927 488 4984 omnia
524 4928 561 4984 ad
594 4944 710 5002 pacem,
740 4925 854 4982 Brutus
877 4923 996 4982 suffecit
1018 4923 1147 4999 ponderi
1169 4939 1292 4989 rernm3
1317 4925 1396 4978 scias

58 5018 132 5078 quae
163 5012 304 5061 oratrone
339 5000 450 5060 confici
478 5022 540 5061 uon
572 5011 710 5079 poterat;
741 5005 952 5073 eumsentirc,
974 4999 1168 5077 quaedicit.”
1196 4996 1323 5072 Quintil.
1347 5007 1393 5067 10,
