3514 5594
224 376 302 457 'stt
322 390 643 460 amoenamus
657 391 904 457 srsnuns-
917 391 1242 459 Lcossttnffltts
1256 391 1580 458 senosanam.

239 530 438 606 venitSyria.
466 530 512 589 lb.
534 538 562 591 6.
588 562 618 573 -
641 532 767 590 Ceteros
787 532 894 591 deboc
924 532 995 592 aC.
1019 532 1111 591 Rasin
1133 532 1253 609 quidem
1276 543 1454 589 accusatore
1477 531 1579 590 deter-

240 607 384 684 Scipione
414 608 497 665 locos
530 626 640 684 quaere
673 610 706 664 in
736 607 894 665 Carcinus
924 610 986 665 reri
1007 610 1121 683 potuit,
1143 627 1203 685 quo
1224 611 1323 664 minns
1340 609 1493 664 inusitatis
1506 626 1579 665 ver·

238 684 411 741 Marsacis.
439 684 517 741 Casu
538 686 611 740 haec
631 682 752 750 scheda,
776 683 895 740 curnil—
924 682 970 740 bis
988 696 1135 740 uteretur.
1177 684 1243 740 Hoc
1267 686 1345 739 enim
1365 693 1525 740 accusante
1544 682 1578 741 C.

237 759 290 816 lud
309 770 400 834 caput
421 775 651 835 componerem,
670 759 738 815 loco
758 778 813 816 suo
832 774 895 815 ato-
924 758 1068 816 Rntilium
1096 759 1188 826 (olim
1210 768 1371 833 corrupte:
1401 759 1579 833 Chritilmm)

238 844 269 890 ta
291 844 346 891 est.
924 834 1054 891 Sisenna
1069 833 1232 891 defendens
1247 834 1338 901 dixit,
1354 834 1502 911 quaedam
1515 836 1579 890 eius

686 968 691 979 ι
923 912 1090 981 sputattli‘ca
1120 928 1185 966 esse
1220 911 1348 965 criuiina
1382 921 1439 965 cet.
1488 908 1577 965 Brut.

276 984 314 1043 L.
336 984 505 1042 Consanus
527 982 678 1051 Susianae,
701 986 820 1059 patricii
841 1002 894 1059 ge·
925 988 977 1053 74,
1000 992 1066 1043 259.
1082 985 1166 1040 -Ιιι
1188 995 1330 1059 praetura
1351 984 1499 1041 bonorum
1520 984 1576 1041 Cn.

151 1056 154 1065 Δ
237 1061 339 1128 neris,
373 1070 461 1117 natus
492 1064 615 1116 circiter
648 1079 676 1117 a.
705 1080 736 1115 u.
768 1080 795 1116 c.
826 1064 893 1119 655.
924 1060 1057 1117 Cornelii
1081 1063 1306 1135 possessionem
1326 1060 1427 1116 edicto
1450 1059 1485 1115 P.
1510 1057 1580 1116 Sci·

238 1142 312 1203 (noo
332 1138 428 1202 606),
451 1147 575 1209 praetor
589 1154 676 1191 anno
700 1154 772 1201 suo,
798 1134 828 1190 id
849 1145 896 1190 est
924 1138 1007 1211 pioni
1040 1135 1101 1193 dat.
1135 1154 1192 1209 pro
1222 1135 1346 1193 Cernel.
1380 1146 1412 1201 1,
1446 1134 1498 1190 Fr.
1528 1142 1576 1195 18.

237 1212 521 1362 {tatastat
539 1211 895 1371 {ttdstzittatz
924 1216 1051 1371 lilla
1069 1209 1449 1361 tutelstete·
1488 1217 1580 1341 tt:

236 1361 400 1419 Formulis.
426 1380 456 1436 p.
473 1365 538 1420 224.
564 1361 612 1417 ed.
635 1361 892 1444 Bacb1i3Gruter.
924 1380 977 1418 nas
991 1364 1124 1434 scripsit.
1144 1391 1175 1447 .'
1192 1360 1230 1416 A.
1245 1380 1276 1415 u.
1289 1378 1317 1417 c.
1331 1360 1396 1421 6811.
1413 1378 1481 1417 cum
1495 1359 1578 1416 Hor-

236 1456 268 1513 p.
292 1442 359 1496 505.
394 1434 448 1493 nbi
477 1437 588 1493 dicitur
612 1458 786 1514 orparppor
812 1435 894 1494 κατὰ
924 1439 1021 1493 tensio
1040 1437 1172 1492 defendit
1191 1435 1226 1493 C.
1247 1435 1375 1492 Verrem
1395 1434 1579 1511 repetunda·

238 1513 326 1570 πόλιν
350 1509 406 1569 καὶ
432 1509 480 1569 ιἰιὶ
500 1516 561 1569 τῶν
580 1512 688 1582 ξένων.
719 1512 799 1586 quod
825 1529 893 1566 cum
924 1530 990 1568 ιιιιιι
1002 1530 1103 1577 reum,
1120 1521 1267 1585 patronus
1280 1530 1316 1567 eo
1329 1513 1424 1585 nangis
1439 1511 1576 1578 idoneus,

237 1586 348 1645 Rutbio
363 1586 624 1661 interpretandum
639 1604 765 1652 censeo,
787 1605 895 1660 ,prae-
923 1586 1003 1663 quod
1025 1589 1140 1661 ipsein
1161 1584 1265 1643 Sicilia
1290 1597 1493 1643 commoratus
1511 1587 1580 1643 fue·

237 1671 288 1718 tor
315 1672 345 1718 et
369 1662 505 1718 urbanus
528 1673 557 1717 et
585 1661 796 1736 peregrinus.''
836 1660 894 1718 llic
922 1674 987 1730 rat,
1017 1664 1094 1718 tanti
1121 1682 1137 1718 a
1160 1662 1257 1718 Verre
1284 1659 1421 1730 habitus,
1452 1673 1485 1718 ut
1515 1663 1580 1717 eius

230 1748 339 1803 ,autem
353 1748 513 1812 praeturae
528 1756 624 1792 annus
639 1738 807 1812 legitimus,
823 1755 895 1813 qua·
922 1736 1120 1795 familiaribus
1143 1737 1192 1794 ille
1217 1756 1293 1813 quae
1315 1739 1484 1812 rapuisset,
1508 1734 1581 1793 red·

237 1812 444 1889 dragesimus,
474 1814 605 1868 maximo
633 1822 810 1869 strumento
835 1823 902 1878 est,
923 1814 1019 1869 deret.
1048 1814 1137 1870 Verr.
1159 1815 1301 1869 Accusat.
1324 1821 1359 1880 2,
1383 1816 1437 1880 55,
1459 1819 1524 1869 110.
1549 1822 1580 1868 et

236 1906 306 1944 euru
320 1899 422 1945 natum
436 1906 502 1944 esse
523 1907 550 1943 a.
566 1891 621 1949 655
636 1833 763 1947 celtas.
787 1887 891 1953 Varr„
923 1892 958 1954 lt,
979 1893 1033 1955 26,
1059 1891 1107 1947 45.
1126 1917 1157 1928 -
1173 1888 1229 1944 Vir
1247 1889 1411 1963 primarius
1432 1898 1462 1944 et
1481 1883 1578 1943 dives.

238 1969 434 2031 nona.6o6.,
457 1973 489 2018 ut
510 1962 575 2019 volt
594 1962 786 2020 Weicbertus
806 1962 892 2019 Polit.
923 1963 1013 2020 Verr.
1039 1965 1182 2020 Accusat.
1205 1969 1240 2031 lt,
1267 1968 1319 2029 15,
1344 1969 1391 2023 55.
1416 1990 1447 2004 ·-
1469 1962 1505 2020 L.
1528 1960 1582 2018 Si·

235 2037 305 2095 Lat.
330 2058 361 2114 p.
385 2041 434 2096 99.
459 2039 560 2114 seqq.)
601 2040 639 2096 A.
661 2044 728 2099 677.
758 2037 895 2096 Siciliam
923 2058 1016 2096 senna
1047 2050 1168 2113 optume
1199 2049 1230 2094 et
1253 2038 1491 2113 diligentissume
1512 2056 1581 2094 om-

235 2114 425 2190 provinciam
454 2111 593 2170 obtinuit.
625 2142 662 2158 -
690 2115 826 2189 Pompeii
848 2114 895 2169 le-
924 2118 1022 2182 nium,
1048 2117 1100 2191 qai
1124 2111 1225 2170 Sullae
1248 2132 1299 2171 res
1322 2115 1444 2181 dixere,
1475 2130 1583 2187 perse-

237 2198 325 2266 gatus
349 2200 379 2245 et
402 2189 548 2246 Graeciae
571 2190 742 2264 praelectus
764 2208 791 2245 a.
815 2208 844 2245 u.
864 2208 891 2257 a.
924 2201 1011 2247 catus
1035 2208 1142 2264 parum
1168 2188 1241 2245 milti
1264 2187 1361 2246 libero
1386 2207 1438 2246 ore
1462 2189 1582 2246 locotus

239 2268 305 2324 687.
327 2264 624 2351 AppiaminMithr.
648 2264 895 2324 as-aPom-
924 2266 1051 2322 videtur.
1091 2263 1153 2321 Sal.
1186 2265 1251 2339 Ing.
1284 2270 1332 2324 95.
1354 2295 1391 2309 -
1412 2263 1578 2329 Caeciliae,

235 2340 323 2415 peio,
351 2358 415 2396 sive
439 2339 576 2398 Creticae
599 2339 648 2396 ille
672 2342 817 2396 victoriae
841 2356 895 2395 ca·
924 2340 961 2412 Q.
980 2337 1059 2396 filiae
1078 2341 1227 2396 corronium
1243 2339 1372 2398 Sisenna
1389 2357 1456 2395 cum
1474 2338 1580 2415 dispu-
1687 2404 1690 2411 ¹

235 2414 324 2490 pidus
348 2425 430 2481 erat,
460 2416 523 2473 siue
543 2423 577 2471 ut
598 2415 635 2487 Q.
659 2415 772 2473 Metelli
795 2416 895 2470 saevi·
922 2410 1050 2473 tavissel
1079 2413 1207 2475 mirifice
1238 2417 1275 2472 ad
1301 2414 1427 2471 verbum
1452 2433 1521 2470 curu
1542 2432 1577 2471 re

234 2490 309 2546 tiam
335 2493 508 2557 coerceret,
532 2491 563 2545 in
579 2491 700 2548 Cretam
724 2509 792 2546 cum
805 2509 895 2546 exer·
924 2494 1120 2557 conuenisse,
1155 2502 1216 2546 tum
1249 2492 1430 2561 insolenter,
1465 2490 1578 2563 (credo

235 2568 299 2622 citu
320 2569 430 2622 missus
445 2577 507 2633 est,
523 2566 593 2632 sed,
609 2586 677 2623 cnm
688 2565 810 2624 Metello
832 2566 895 2622 cle·
923 2565 960 2624 ab
982 2566 1135 2639 Epicureo
1155 2566 1257 2642 aliquo
1270 2565 1424 2635 inductus)
1446 2565 1579 2640 disputat

234 2643 377 2698 mentiam
401 2642 557 2709 suaderet,
585 2643 659 2699 nibil
678 2640 716 2698 ab
740 2660 776 2697 eo
799 2643 895 2716 impe·
923 2642 1048 2698 somniis
1085 2642 1169 2698 credi
1203 2660 1264 2699 noo
1299 2653 1451 2715 oportere.
1494 2641 1578 2698 Idem

234 2717 338 2773 travit.
388 2717 493 2774 Paullo
519 2728 588 2791 post
612 2721 642 2773 ιιι
667 2717 770 2773 eadem
796 2716 893 2773 insula
923 2729 1029 2774 contra
1055 2728 1172 2773 ostenta
1193 2717 1266 2773 nihil
1289 2718 1422 2792 disputat
1440 2719 1594 2791 exponit-·

234 2789 342 2849 morbo
372 2790 548 2867 absumptas
577 2805 622 2849 est
650 2795 773 2850 circiter
796 2812 824 2848 a.
847 2798 892 2849 52.
923 2812 981 2868 que
1012 2795 1099 2849 initio
1134 2791 1203 2849 belli
1236 2793 1361 2849 Marsici
1392 2803 1421 2849 et
1449 2791 1579 2849 deornm

234 2878 333 2924 natus.
364 2866 423 2923 Dio
440 2868 524 2925 Cass.
541 2870 594 2933 56,
616 2877 643 2926 2.
672 2868 735 2925 ctr.
757 2867 793 2925 L.
816 2866 895 2924 Cor·
922 2868 1084 2924 simulacra
1106 2867 1262 2925 sudavisse
1283 2880 1313 2925 et
1328 2868 1504 2940 sanguinem
1517 2865 1580 2924 tlu-

228 2943 307 2999 ·nelii
326 2940 491 3011 Sisennae,
516 2942 654 2999 historici
676 2943 823 3009 Romani,
846 2943 894 2997 vi·
923 2944 1003 2999 xisse
1018 2953 1046 2999 et
1061 2944 1236 3001 discessisse
1251 2944 1366 3000 caelum
1380 2953 1436 3000 cet.
1464 2943 1501 2999 de
1521 2943 1579 2999 Di-

234 3028 296 3074 tam
319 3020 504 3093 conseripsit
526 3017 596 3075 Car.
620 3018 697 3074 Lud.
714 3017 811 3085 Roth.
834 3017 895 3073 Ba·
923 3019 1133 3085 vin.1,1sl‚9s.
1151 3049 1181 3060 -
1198 3019 1272 3074 lbid.
1285 3025 1332 3087 55,
1347 3027 1393 3074 72.
1403 3020 1519 3076 incerta
1531 3030 1578 3076 est

235 3090 327 3151 sileae
355 3096 438 3165 1859.
469 3096 512 3160 lt„
569 3111 637 3150 uem
666 3095 697 3150 itt
725 3093 772 3149 ltis
798 3095 894 3149 secuti
923 3095 1030 3161 lectio;
1058 3113 1128 3150 uam
1151 3114 1218 3151 cum
1238 3094 1332 3151 codd.
1352 3093 1482 3150 babeant
1502 3101 1579 3147 utin

235 3186 350 3225 sumus.
374 3166 436 3224 Cfr.
451 3170 540 3224 eliam
548 3113 672 3301 {lrause
690 3169 713 3224 F
717 3187 810 3242 ragttt.
825 3169 892 3223 hist.
923 3171 1015 3221 Sullae
1029 3176 1163 3241 scriptum
1176 3171 1297 3222 historia
1305 3170 1486 3239 videmuslid
1496 3169 1579 3246 quod

235 3241 303 3299 Lat.
325 3262 356 3319 p.
369 3246 436 3302 299.
455 3243 536 3300 -L.
577 3247 700 3311 isenna,
724 3242 893 3299 doctusvir
924 3244 1013 3301 Giese
1028 3246 1194 3319 praetulit),
1210 3245 1299 3320 volgo
1313 3245 1476 3301 editorem
1487 3248 1520 3297 in*
1530 3247 1577 3299 Si·-

236 3330 267 3375 et
288 3319 396 3375 studiis
422 3320 543 3394 optimis
568 3318 703 3385 deditus,
729 3318 805 3374 bene
830 3318 893 3374 La·
922 3339 1026 3372 sannae
1044 3327 1179 3392 scriptum
1197 3321 1318 3374 Materia
1335 3321 1473 3377 videmus.

235 3396 297 3450 tine
330 3395 478 3469 loquens,
512 3413 625 3471 gnarus
658 3396 703 3450 rei
734 3392 891 3469 publicae,

234 3488 297 3526 nou
321 3466 548 3543 sinellaeetiim
581 3468 633 3526 sed
657 3488 754 3546 neque
777 3468 891 3525 laboris
958 3467 994 3525 L.
1025 3468 1195 3526 Carnarius
1224 3468 1262 3525 L.
1289 3468 1324 3526 F.
1347 3469 1383 3526 P.
1406 3469 1444 3527 N.
1470 3469 1577 3529 Suana

233 3545 321 3601 multi
352 3564 408 3602 nec
441 3546 515 3602 satis
548 3556 684 3602 versatus
711 3547 742 3601 in
773 3547 890 3611 causis3
921 3545 1027 3600 Fanrx.
1066 3543 1166 3610 Eae.
1183 3543 1271 3600 Marii
1293 3547 1466 3621 quaestori,
1489 3544 1577 3603 Boc-

234 3620 472 3697 interiectusque
493 3624 572 3677 inter
593 3621 666 3677 duas
684 3631 796 3677 aetates
810 3620 892 3676 Hor·
921 3622 994 3675 chus
1016 3619 1192 3693 Iugurtham
1212 3619 1303 3677 tradit
1321 3641 1348 3676 a.
1364 3640 1394 3676 u.
1413 3640 1440 3677 c.
1458 3625 1525 3682 6't8.
1539 3650 1577 3663 -

233 3697 326 3753 tensii
349 3706 379 3752 et
400 3693 545 3771 Sulpicii,
572 3715 629 3752 nec
652 3699 797 3752 maiorem
820 3714 892 3752 con·
920 3696 1098 3751 Praeturam
1132 3696 1226 3767 gessit
1247 3714 1276 3753 a.
1296 3713 1326 3751 u.
1348 3715 1376 3752 c.
1397 3699 1463 3756 661.
1513 3696 1577 3753 Pro

234 3771 321 3847 sequi
342 3781 464 3848 poterat
487 3783 516 3827 et
542 3772 653 3828 minori
678 3789 802 3828 necesse
826 3782 892 3827 erat
920 3782 1062 3844 praetore
1085 3769 1177 3826 Asiae
1201 3768 1444 3827 Ariobarzanem
1473 3789 1578 3847 regem

234 3849 354 3905 cedere.
393 3844 490 3903 Huius
513 3848 611 3905 omnis
633 3847 759 3904 facultas
783 3865 821 3902 ex
844 3847 890 3902 bi·
921 3846 1130 3921 Cappadociae
1159 3846 1288 3905 instituit
1313 3865 1341 3902 a.
1366 3850 1432 3907 662.
1473 3846 1577 3920 laega-

194 3978 196 3993 ,
236 3923 331 3980 storia
364 3922 471 4007 ipsius¹
490 3924 622 3997 perspici
659 3932 776 3997 potest,
799 3941 890 4008 'quae
920 3932 968 3978 tus
1008 3921 1045 3978 L.
1083 3920 1222 3978 Caesaris
1271 3923 1302 3976 in
1345 3920 1423 3980 bello
1469 3922 1577 3979 sociali

140 4054 142 4057 ,
234 4014 304 4055 eum
327 3996 415 4055 facile
443 4009 545 4053 vincat
568 4016 673 4054 omnes
703 4015 888 4073 superiores,
919 3995 1039 4053 lllarsos
1073 3997 1181 4052 caedit.
1215 4014 1243 4052 a.
1270 3999 1337 4057 est.
1363 4029 1394 4039 -
1416 3997 1460 4054 De
1486 3997 1578 4054 Sam.

230 4084 297 4130 tem
321 4072 435 4130 iudicat
456 4082 574 4141 tannen,
605 4083 750 4150 quantum
772 4070 850 4128 absit
873 4093 890 4128 a
921 4074 1026 4128 uitium
1050 4071 1125 4128 duce
1146 4071 1460 4145 Cluentio-ingentem
1480 4074 1588 4131 victe-¹

234 4166 352 4206 sommo
375 4166 522 4225 quamque
545 4149 602 4206 boc
625 4167 719 4223 genus
746 4150 891 4221 scriptio·
919 4150 995 4203 riam
1036 4156 1175 4221 reportat
1208 4155 1238 4203 et
1269 4146 1437 4205 Bovianum
1480 4150 1575 4223 capit.

233 4226 283 4281 nis
306 4225 440 4281 nondum
464 4226 504 4280 sit
532 4226 605 4280 setis
631 4223 749 4281 Latinis
779 4222 890 4280 litteris
918 4241 946 4277 a.
977 4225 1043 4283 665.
1091 4221 1218 4278 Consnli
1250 4243 1277 4277 a.
1312 4228 1378 4284 666.
1414 4225 1576 4300 provincia

233 4300 425 4356 illustratum.
452 4298 539 4356 Brut.
564 4301 619 4365 bl,
642 4305 707 4357 228.
733 4297 837 4357 Vellei.
859 4305 888 4366 2,
918 4298 991 4354 Asia
1028 4309 1058 4353 et
1095 4295 1207 4354 bellum
1240 4297 1480 4357 Mithridaticum
1519 4299 1576 4356 da-

234 4381 359 4444 s‚5.-
378 4374 508 4432 Sisenna
527 4392 631 4433 omnes
652 4374 748 4432 adbuc
767 4383 889 4430 nostros
919 4385 978 4433 tur.
1018 4373 1052 4430 Ρ.
1073 4370 1242 4447 Sulpicius,
1267 4373 1337 4431 trib.
1358 4375 1413 4450 pt,
1433 4375 1528 4451 legem
1541 4386 1576 4433 nt

163 4455 173 4483 '
234 4452 400 4525 scriptores
424 4449 512 4508 facile
532 4452 696 4526 superavit.
737 4449 766 4505 Is
790 4460 888 4505 tamen
919 4449 989 4504 novi
1010 4451 1094 4504 cives
1113 4459 1142 4504 et
1161 4448 1295 4506 libertini
1315 4453 1347 4506 in
1366 4450 1506 4508 omnibns
1526 4455 1574 4512 55.

233 4544 331 4601 neque
363 4529 524 4615 oratoruio
550 4534 805 4613 numerolvestro
831 4543 889 4580 un·
919 4522 1058 4580 tribubus
1089 4523 1234 4598 suffragia
1257 4525 1390 4593 ferrent,
1415 4526 1571 4657 pervim,

233 4600 889 4753 ll}”¹656ltb¹t¹t’..‘.‘..¹;¹.l¹‚⁵‘⁰tl..tlt
918 4598 1369 4751 {tt‘tillutitttlt
1399 4599 1575 4735 imbibi

233 4751 418 4810 Clitarcbum
433 4771 527 4830 neque
542 4763 699 4828 praeterea
711 4770 887 4830 quemquam
917 4753 1022 4807 Asiana
1041 4752 1230 4826 prouinciam
1247 4761 1332 4807 extra
1351 4753 1489 4810 ordinem
1507 4763 1574 4808 tra·

233 4826 411 4885 deGrsecis
430 4828 458 4885 lc
481 4833 541 4886 isse
561 4830 709 4886 videatur.
737 4827 772 4885 de
791 4827 886 4901 Legg.
918 4825 972 4884 dit.
1014 4825 1098 4883 Slla
1116 4845 1176 4883 una
1200 4846 1267 4883 cnm
1286 4828 1399 4904 collega
1421 4827 1459 4900 Q.
1479 4828 1571 4884 Pom-

233 4912 267 4970 ι,
288 4911 322 4972 2,
346 4910 373 4964 7.
395 4933 432 4948 -
452 4849 581 4962 §iserae
604 4906 692 4983 qussi
713 4902 888 4961 emendator
918 4902 1025 4977 peioll
1047 4904 1077 4959 fo
1097 4901 1135 4958 ad
1155 4905 1321 4960 exercitum
1334 4922 1422 4961 sunm
1435 4902 1571 4978 confugit

232 4981 382 5038 sermonis
405 4981 507 5038 usitati
529 4997 598 5039 cum
625 4997 691 5038 esse
713 4977 820 5048 vellet,
849 4996 888 5036 ne
916 4996 1012 5054 eoque
1038 4974 1164 5036 Romam
1192 4977 1283 5037 ducto
1310 4977 1460 5056 Sulpiciae
1487 4979 1569 5055 leges
