3278 5594
159 356 411 467 suavimus
435 386 612 465 caueto
633 426 675 440 -
697 389 739 461 4.
764 368 1017 463 sanctores
1039 388 1208 502 casca.
1294 388 1358 483 su
1473 440 1476 447 .

25 542 51 597 si
69 535 231 613 abrogatur
250 535 410 603 (Freinsh.
427 535 533 612 Suppl.
548 535 616 594 Liv.
627 539 675 603 67,
704 540 750 592 42.
768 539 889 603 statuit,
911 538 1023 614 qnippe
1043 554 1102 615 quo
1116 534 1232 593 Marius
1252 532 1359 590 consul

24 611 672 688 1-13.);decamanuispostclademillama
701 611 754 668 Vl.
784 612 842 668 tuit
868 623 898 668 et
924 610 1107 669 Saturninus
1133 606 1273 667 tribunus
1294 609 1357 685 pl.,

24 685 150 747 Cimbris
158 698 312 761 acceptam
323 685 672 753 aecusatuaaNorbano,
722 685 985 744 uaestorurbanus
1017 685 1145 743 uomodo
1159 686 1261 752 luerit,
1276 686 1359 761 equi·

22 774 51 821 et
69 764 203 841 quamvis
224 761 401 820 defendente
420 763 532 819 Crasso
549 762 674 819 consule
702 707 768 819 dein
788 782 850 819 nou
870 763 969 820 video.
995 706 1055 821 bui
1069 760 1363 838 euimuuquamluit

21 838 119 916 (Brut.
135 842 195 904 44.)
209 839 366 895 damnatus
381 836 480 904 (Beut.
496 843 557 905 55.)
569 835 674 913 Smyr·
702 837 888 905 inauditum,
911 857 965 895 sex
976 838 1065 895 anuis
1075 848 1145 913 post
1157 838 1356 903 consulatum,

21 934 88 972 nam
107 917 234 972 secessit
253 916 285 970 in
305 913 444 970 exsilium
464 932 537 970 a.u.
555 932 582 970 4.
606 918 672 972 659.
703 914 852 970 hunorum
884 912 992 982 finem,
1032 911 1069 969 ab
1101 913 1203 990 aliquo
1236 914 1361 988 petitam

21 991 107 1047 llluiu
134 991 227 1065 igitur
247 989 375 1045 eundem
400 1007 470 1046 eum
493 990 552 1045 hoc
571 987 672 1061 (Brut.
702 990 794 1046 luisse
805 999 999 1065 quaesturam
1011 987 1187 1045 urbanam?
1207 986 1289 1045 Satis
1302 988 1361 1065 igi·
1392 1038 1395 1044 .

20 1070 79 1133 62.)
100 1076 184 1140 putat
203 1064 364 1122 Ernestius
383 1065 415 1120 iu
436 1064 539 1131 Clari,
566 1082 674 1140 quain·
702 1075 752 1121 tur
766 1083 917 1142 superque
931 1064 1152 1122 demonstrasse
1167 1064 1239 1120 mihi
1256 1062 1361 1120 videor

21 1144 66 1199 vis
94 1142 194 1197 omnia
223 1142 293 1207 huic
323 1140 463 1227 opinioni
491 1149 672 1216 repugnent.
703 1139 778 1197 duos
799 1158 865 1196 esse
886 1139 1053 1216 Caepiones
1074 1139 1163 1216 plane
1182 1158 1197 1195 4
1213 1139 1360 1196 rediver-

20 1218 154 1275 Primum
179 1218 261 1273 euim
286 1215 322 1271 de
348 1214 399 1271 1110
426 1215 577 1290 Caepione
606 1233 674 1272 eum
703 1234 771 1282 sus,
798 1218 876 1272 miro
903 1234 1008 1274 errore
1031 1213 1068 1273 ab
1089 1215 1232 1272 Ernestio
1253 1215 1360 1272 conlu-

20 1298 76 1351 iam
106 1290 181 1367 Cap.
207 1294 254 1352 55.
285 1291 428 1360 dixisset,
463 1310 521 1366 qno
554 1289 675 1347 taudem
703 1309 770 1348 sos:
797 1294 943 1348 maiorem
962 1291 1115 1350 consulein
1134 1309 1163 1346 a.
1180 1309 1211 1347 u.
1227 1310 1254 1347 4.
1276 1294 1357 1358 646,

19 1368 106 1425 modo
127 1378 196 1441 post
221 1377 339 1423 tantum
364 1367 573 1436 intervallum,
606 1375 677 1442 post
704 1377 734 1423 et
752 1362 928 1437 minorem,
948 1378 1139 1446 quaestorem
1159 1364 1309 1424 urbanum
1329 1385 1357 1422 a.

21 1444 163 1501 Crassum
184 1452 214 1498 et
234 1443 417 1507 Antonium,
449 1441 558 1517 quibus
579 1443 677 1498 maior
705 1461 733 1498 u.
753 1462 780 1498 c.
802 1444 887 1502 654.’ι

19 1522 147 1587 iserst,
183 1518 290 1579 iteruin
321 1518 423 1575 dicere
448 1519 612 1593 potuisset,
647 1526 677 1573 et

21 1597 139 1680 ,m
154 1593 356 1679 ecem
375 1591 476 1682 m·
707 1553 933 1691 ,44441
950 1555 1202 1690 lateat-lt·
1216 1556 1358 1703 444

18 1686 93 1727 riam
114 1687 243 1746 prorsus
267 1669 465 1745 perdidissem
496 1679 676 1744 praesertim
726 1672 733 1686 '
937 1673 944 1686 ·
1193 1672 1200 1687 ·
1295 1673 1303 1688 ·
1351 1671 1359 1688 ·

19 1765 85 1803 enm
112 1745 199 1803 hicce
229 1745 314 1803 loeus
344 1747 408 1802 eius
435 1744 526 1800 aetati
556 1746 676 1801 minime
707 1705 872 1764 summ
892 1707 1008 1764 cum
1029 1707 1160 1787 Bmuffi'

19 1823 198 1889 conveniat;
214 1824 340 1954 ¹quippe
361 1837 448 1897 quem
470 1830 625 1876 enumeret
645 1822 676 1876 in
743 1821 781 1893 Q.
805 1821 968 1880 Sensimus
989 1819 1123 1888 Casrro,
1147 1817 1244 1878 affinis
1266 1819 1360 1952 Appii

19 1902 72 1965 iis,
99 1915 185 1985 'qnos
212 1915 276 1983 ipsa
322 1915 371 1973 ap.
391 1898 439 1954 49.
461 1904 557 1982 aetate
578 1896 677 1970 paullo
706 1896 821 1983 Claudii
841 1897 984 1963 Pulchri,
1007 1898 1092 1954 cuius
1113 1915 1191 1954 uxor
1211 1906 1276 1952 erat
1311 1914 1362 1952 er-

18 1977 180 2058 iuferiores
201 1970 301 2089 44444ζ
322 1990 420 2105 quiquid
431 1971 538 2103 lippum
559 1989 633 2103 sqq.
647 1989 675 2028 4.
706 1973 796 2105 ”llll
817 1977 993 2104 elpteqpqain
1015 1975 1360 2109 ig⁰⁰m⁸6sni⁵idm1lm⁸

18 2047 677 2201 14144444....ῑ;.·’..ῑ...ῑ;.441.3.4
705 2047 1260 2193 4ξ..,·..4.4·.1·.·4·41..43..
1299 2066 1360 2104 “““

17 2201 154 2288 14414444
185 2201 332 2267 iusserat,
356 2198 613 2287 4444444144,
648 2207 678 2285 et
743 2226 784 2284 M·
804 2224 991 2296 (summ)
1012 2227 1127 2286 cmm
1147 2226 1226 2303 apud
1243 2228 1358 2285 Ama·

17 2287 130 2352 equites
151 2273 192 2331 ab
218 2294 255 2332 eo
285 2275 446 2332 abalienati
466 2288 625 2348 proprium
645 2291 675 2329 iu
706 2304 737 2359 in
760 2301 866 2359 Milon·
893 2321 924 2394 P·
947 2310 995 2365 36·
1023 2305 1144 2361 videm,
1169 2296 1215 2361 Μζ
1236 2301 1361 2371 Bruta„

16 2350 224 2503 :tlitllzl
243 2348 675 2491 tltnlhlltsslttz
705 2377 781 2435 vn.
802 2376 1069 2452 namna...)
1090 2378 1206 2437 cuno
1225 2376 1359 2435 fluum·

16 2504 60 2561 48.
81 2514 112 2559 et
138 2502 285 2575 taenio
314 2513 421 2559 contra
446 2500 476 2556 h.
497 2498 519 2555 l.
544 2502 676 2576 equestri
743 2499 781 2574 Q.
802 2498 1004 2575 (Sesamus)
1031 2500 1146 2558 Carrio
1172 2499 1294 2558 Bruuos
1315 2511 1363 2557 est

16 2579 116 2636 ordini
147 2579 241 2635 nimis
270 2577 388 2634 deditus
426 2577 519 2632 luisse
552 2577 674 2633 dieitur.
705 2576 747 2633 Μ.
769 2575 873 2632 lunius
894 2575 1006 2632 Brutus
1026 2577 1288 2652 τυραννοκτόνος,
1318 2579 1361 2633 ita

15 2652 76 2709 Nec
96 2654 185 2711 valet
203 2655 298 2721 ratio,
325 2671 414 2730 quam
437 2652 676 2708 comminiscitur
705 2652 819 2717 dictus,·
843 2654 911 2728 quia
932 2671 949 2706 a
976 2650 1015 2724 Q.
1037 2649 1168 2708 Servilio
1189 2650 1359 2727 Caepione,

14 2728 197 2794 Ernestius,
233 2731 366 2804 potuisse
393 2745 460 2783 eum
486 2724 557 2783 odio
583 2727 675 2784 Drusi
706 2726 852 2784 Serviliae
873 2728 977 2783 matris
998 2728 1091 2783 fratre
1106 2745 1267 2801 germano,
1287 2728 1362 2789 ado-

14 2807 51 2862 sd
76 2808 218 2884 equitum
242 2813 345 2879 partes
372 2804 527 2860 transisse.
578 2800 675 2874 Quam
706 2813 805 2879 ptatus
826 2803 924 2859 luerat
943 2803 1040 2859 iunia.
1056 2821 1086 2858 u.
1099 2820 1126 2859 c.
1138 2805 1205 2861 695.
1227 2802 1361 2880 Philipp.

13 2882 165 2938 rationem
200 2879 247 2936 vel
277 2881 376 2954 potius
405 2878 612 2935 coniecturam
644 2879 674 2933 iu
707 2887 752 2947 40,
770 2886 816 2942 11.
833 2882 879 2937 25.
917 2877 1234 2946 reinsumimus,
1257 2886 1284 2939 2.
1322 2879 1362 2936 ad

13 2957 140 3014 nihilum
162 2956 305 3012 recidere
317 2955 525 3012 demonstrant
535 2952 610 3009 dnae
620 2971 677 3027 po·
705 2954 788 3010 Fam.
805 2960 833 3021 7,
848 2959 896 3009 24.
918 2954 955 3010 ed
970 2952 1007 3026 Q.
1020 2954 1074 3012 Fr.
1088 2966 1114 3020 4,
1127 2960 1155 3020 5,
1169 2959 1197 3011 7.
1220 2954 1256 3011 de
1269 2955 1359 3011 Finu.

13 3034 164 3089 tissimum
195 3034 347 3098 rationes3
375 3030 503 3106 partim,
533 3028 613 3104 quod
641 3046 677 3084 eo
707 3035 734 3098 5,
751 3033 823 3096 248.
853 3028 930 3086 Vide
944 3028 985 3087 M.
1001 3028 1162 3089 Sesamus
1182 3030 1309 3089 Carrio.

10 3108 77 3182 ipso
103 3126 193 3164 anno
221 3112 306 3174 659,
341 3124 400 3181 quo
426 3124 444 3161 4
463 3100 608 3162 Norbano
628 3122 679 3161 44-

11 3196 133 3241 cusatus
156 3194 192 3240 et
210 3183 368 3240 damnatus
382 3181 495 3257 Caepio
516 3181 677 3237 411444444-

11 3259 108 3317 silium
122 3260 308 3335 perpetuum
327 3258 468 3323 secessit,
490 3258 605 3332 equites
619 3253 677 3313 sibi

10 3336 149 3392 infensos
173 3331 297 3401 habuit3
320 3333 401 3410 quod
420 3334 494 3389 satis
507 3331 588 3388 clare
603 3330 677 3389 dicit

8 3413 165 3468 Antonius
193 3410 229 3466 de
250 3408 336 3467 Orat.
358 3416 386 3474 2,
408 3410 444 3467 tu
465 3417 494 3463 et
514 3414 676 3479 49.;.ergo
744 3405 958 3466 RSeavsmus
979 3406 1090 3467 04444.
1128 3409 1243 3468 Cascae
1263 3408 1363 3467 nostri

6 3504 167 3562 nunquam
203 3503 272 3542 cum
299 3486 337 3541 iis
363 3485 395 3540 iu
441 3485 549 3539 ratium
576 3483 676 3539 redire
704 3482 885 3539 tribunatus.
909 3511 944 3526 -
970 3483 1034 3539 Nos
1065 3482 1226 3541 Octaviani
1253 3485 1362 3541 volun·

29 3568 126 3620 otuit:
183 3564 282 3627 artim,
304 3559 384 3637 quod
440 3558 598 3624 .Drusus,
620 3561 674 3613 tri·
705 3557 1134 3615 tatemanteldusDecembr.
1157 3558 1361 3634 (amc-710.)

8 3582 111 3695 banus
133 3636 219 3713 plebi
240 3639 312 3692 anui
331 3638 417 3703 663„
440 3652 507 3690 cuin
521 3633 573 3689 illo
588 3643 676 3711 quat·
706 3636 922 3708 perspiciemus
936 3635 965 3689 iu
982 3632 1086 3690 Casca.
1119 3634 1157 3691 ad
1169 3637 1232 3691 Au.
1250 3637 1296 3703 16,
1313 3639 1359 3703 45,

7 3725 78 3770 tuor
99 3715 165 3770 iam
188 3714 278 3769 annis
298 3722 368 3767 ante
388 3709 428 3784 (a.
443 3728 470 3765 ιι.
481 3727 509 3764 4.
525 3714 604 3777 659.)
625 3726 676 3782 pa·
705 3714 733 3770 6.
754 3737 793 3751 -
812 3706 1067 3769 Cascatrihuuus
1088 3708 1129 3782 pl.
1152 3728 1180 3765 a.
1202 3728 1232 3766 u.
1253 3728 1279 3766 4.
1294 3715 1359 3769 740.

8 3791 67 3847 tria
89 3790 185 3866 pulso
202 3788 374 3844 inimicitias
429 3803 534 3840 uarum
546 3783 675 3859 lepidam
704 3783 835 3859 Philipp.
847 3789 895 3851 45,
913 3788 958 3851 45,
973 3790 1021 3844 54.
1039 3813 1070 3825 -
1093 3782 1211 3841 Cottam
1225 3784 1362 3855 (librum)

7 3868 165 3937 originem
190 3864 286 3921 relcrt
305 3861 385 3918 Pliu.
432 3859 490 3916 .N.
506 3858 554 3925 55,
570 3868 597 3917 4.
627 3864 673 3925 25,
704 3860 777 3915 mihi
797 3858 886 3915 velim
912 3862 1024 3916 mittas.
1065 3856 1214 3917 Libonem
1243 3878 1362 3917 mecum
1426 3878 1429 3885 ·

6 3946 34 3999 5.
50 3942 134 3999 Gell.
150 3947 201 4007 17,
213 3944 259 3999 45.
271 3940 413 3994 nimirum
424 3933 565 4001 anulum,
587 3952 674 4013 quem
705 3932 799 3991 habeo
820 3943 850 3990 et
869 3932 1031 3993 habueram
1052 3930 1123 3993 aute'
1142 3935 1281 3994 Cascam.
1322 3933 1361 3993 ad

6 4017 87 4075 los-te
109 4019 144 4075 in
170 4017 312 4072 auctione
331 4013 468 4071 venalem
481 4012 596 4067 insanis
611 4019 675 4065 stu·
705 4011 769 4066 Att.
787 4013 833 4076 45,
850 4012 898 4077 44,
915 4017 943 4071 5.
968 4040 1000 4052 -
1022 4011 1136 4079 Casca,
1159 4012 1299 4070 Caesaris
1313 4013 1363 4068 iu-

5 4092 63 4150 diis
78 4092 178 4152 simul
191 4088 403 4147 licitabantur:
424 4089 524 4140 naidas
536 4119 552 4131 -
563 4119 580 4130 -
593 4090 676 4155 origo
706 4087 864 4153 terfectur,
896 4085 973 4143 mala
994 4105 1011 4144 a
1031 4086 1179 4147 Cicerone
1200 4088 1363 4164 reprehen-

4 4172 126 4223 socralis
147 4168 265 4221 baillet
284 4168 514 4232 sentimum)
534 4176 675 4218 exercere
706 4179 767 4219 sus.
796 4159 996 4220 Pseudobrut.
1033 4163 1070 4219 ad
1090 4164 1185 4220 Attie-
1208 4170 1363 4231 1,17··-

3 4263 67 4302 nou
90 4245 212 4321 potuit.
250 4242 313 4300 Pro
332 4241 482 4299 (1444446.
499 4237 676 4315 »OEiaivaro
706 4235 811 4305 Casca,
834 4236 975 4295 Caesaris
988 4256 1160 4314 percussor.
1183 4239 1360 4296 Pseudoeie.

3 4320 152 4398 hecquo
176 4335 216 4373 ue
236 4319 268 4374 iu
287 4317 354 4374 loco
374 4317 447 4373 latet
466 4315 676 4372 declamatoris
706 4312 950 4379 adBrut.1,18.
971 4314 1168 4373 -Caesaris
1189 4306 1381 4372 4414414444--

3 4413 108 4454 error.
178 4396 224 4461 ιι.)
254 4422 283 4433 -
312 4392 380 4449 Huc
400 4404 430 4447 et
449 4390 520 4447 illud
541 4389 674 4453 accedit,
706 4406 754 4445 res
775 4388 899 4445 laudans
920 4389 994 4447 baec
1014 4390 1096 4446 inter
1121 4390 1178 4446 alia
1199 4391 1272 4447 dicit
1295 4388 1360 4447 Cic.

744 3150 947 3226 (Sensimus)
985 3151 1097 3211 Casus.
1148 3153 1270 3228 Papinii
1302 3152 1361 3231 (al.

705 3227 883 3303 Pomponii)
903 3228 1153 3307 ἐπιγραμμάτιον
1169 3228 1201 3286 iu
1221 3229 1360 3288 Cascam.

706 3303 805 3361 Varro
826 3302 887 3360 LL.
903 3309 932 3372 7,
948 3309 976 3363 5.
997 3322 1027 3379 p.
1040 3308 1107 3364 546.

2 4473 88 4546 quod
110 4469 168 4528 4114
182 4466 296 4543 Caepio
316 4486 379 4524 cos.
393 4484 420 4522 4.
434 4484 463 4521 ιι.
477 4484 504 4521 4.
520 4471 585 4527 648.
609 4482 675 4520 eum
706 4464 836 4541 Philipp.
849 4472 878 4531 2,
894 4471 1019 4531 44,27.4
1041 4460 1142 4538 „Quid
1162 4465 1237 4523 duos
1256 4463 1363 4523 Servi·
1397 4466 1400 4477 “
1506 4466 1509 4479 “

11 4557 111 4605 truso
140 4562 230 4601 anuo
256 4542 373 4599 deinum
393 4544 457 4601 665.
477 4540 600 4597 tribuno
621 4539 675 4614 pl,
705 4541 783 4598 lios?
815 4539 927 4598 Cascae
947 4541 1061 4607 dicam,
1083 4560 1121 4597 an
1142 4540 1304 4599 ,4441444α
1331 4539 1362 4598 id

18 4643 78 4700 rgo
100 4620 224 4698 viginti
243 4628 325 4675 certe
345 4617 432 4672 suuis
443 4615 579 4681 iuniore,
600 4626 677 4672 tam·
705 4616 786 4691 quod
804 4626 886 4679 reete
906 4617 1097 4692 interpretati
1110 4629 1181 4674 sunt
1194 4616 1360 4685 Manutius,

7 4716 97 4755 mam
135 4697 258 4769 aequasti
282 4694 506 4749 matrimonium
542 4709 677 4747 eornmu-
706 4691 857 4749 Wesseliu
880 4692 926 4746 ius
946 4689 1077 4749 Observ.
1094 4700 1121 4759 2,
1138 4696 1200 4760 46.,
1231 4691 1362 4749 Garato-

32 4793 86 4833 sse
108 4790 181 4830 non
205 4769 359 4827 commode
379 4766 439 4823 dici
457 4768 554 4842 possit
566 4767 675 4823 Plinio.
707 4768 792 4823 nius:
827 4709 973 4838 ,Cei-vilis
998 4770 1099 4843 potius
1127 4767 1242 4824 Ahalae
1272 4784 1362 4845 quatu

59 4850 215 4923 Denique
236 4844 348 4919 Caepio
368 4842 433 4910 ille,
456 4845 507 4918 qui
526 4860 590 4899 cos.
605 4860 632 4898 a.
647 4861 674 4900 u.
707 4842 819 4900 Cascae
838 4840 981 4898 videntur
994 4842 1183 4919 appellandi3
1204 4861 1273 4901 cum
1287 4842 1362 4903 Ser-

23 4930 120 4987 ete.
137 4925 262 4987 luerat,
284 4919 363 4976 idem
375 4937 454 4975 annu
468 4920 555 4984 654..
577 4922 676 4994 (quem
708 4919 769 4974 vilii
795 4915 874 4974 illius
900 4918 1031 4989 Ahalae,
1066 4920 1116 4995 qui
1146 4916 1198 4993 Sp·
1218 4920 1362 4979 Maelium

22 5018 126 5060 nuum
154 5000 227 5077 ipse
253 4995 412 5054 Ernestius
436 5012 475 5052 ex
493 4992 627 5052 Herenu.
646 4999 676 5066 4,
706 4993 833 5067 oceidit,
864 4994 1006 5051 virtutem
1031 4997 1093 5052 sint
1112 4996 1248 5056 imitati.”
1287 4998 1362 5061 Reus

659 5198 669 5231 Ι
