3514 5594
352 380 354 384 ‘
456 389 500 453 1..
525 387 758 456 nouimus
784 370 1144 455 nnunoannuns.
1409 393 1471 463 aar

127 530 254 599 Porcia,
283 528 408 588 Catonis
437 547 543 598 soror,
570 540 688 587 mortua
715 538 784 585 ante
814 529 930 596 8,1,11.
955 559 987 571 -
1009 528 1111 586 Caelio
1131 532 1371 593 inimicissimus.
1393 532 1471 591 Cae-

125 628 155 667 a.
173 626 205 663 ιι.
227 625 254 662 e.
275 612 339 668 709.
367 605 405 661 ad
422 605 485 662 An.
511 611 557 672 15,
576 611 624 671 57,
643 611 671 664 5.
694 634 725 644 -
747 604 782 660 In
813 603 870 659 lius
890 603 928 659 ad
947 604 1031 660 Fam.
1054 613 1082 673 8,
1105 612 1151 674 12,
1176 615 1201 665 1.
1227 637 1257 647 -
1279 607 1411 683 Repulsa
1430 608 1469 666 ah

123 703 160 742 eo
173 701 235 739 uno
251 683 380 737 maxime
400 679 524 737 ambitio
541 692 647 736 nostra
667 682 781 736 nititur.
812 698 851 739 en,
874 680 933 735 lata
954 682 989 735 'in
1013 694 1177 755 auguratus
1198 684 1353 756 petitione.
1390 682 1468 741 Ibid.

122 755 333 830 (aue-689.)
361 755 398 812 ad
417 757 481 811 Att.
505 770 530 823 1,
553 766 577 822 1,
597 762 623 814 l.
644 788 681 799 -
701 757 738 811 A.
754 776 781 810 u.
813 757 865 819 tt,
895 763 920 811 1.
961 754 1006 828 (a.
1030 775 1058 811 ιι.
1081 776 1107 812 c.
1132 759 1211 824 tol.)
1242 789 1273 800 -
1305 761 1466 829 Domitius,

118 854 148 892 c.
170 839 235 894 695.
265 852 280 887 a
309 831 410 887 Vettio
436 832 537 888 indice
562 834 781 888 coniurationis
811 831 1030 905 Pompeianus,
1055 833 1085 887 in
1106 833 1216 889 Marsis
1237 833 1344 904 agebat
1365 855 1469 892 mense

118 912 153 967 in
172 911 249 967 Pom
271 909 349 962 eium
369 908 570 963 insimulatus.
608 907 727 963 adAtt.
750 914 778 972 2,
810 906 1069 963 Ianuarioa.u.c.
1085 914 1149 967 705.
1172 909 1470 979 adAtt.7,1s.ti.7.

118 988 170 1053 24,
193 993 220 1046 5,
249 926 325 1047 ibid.
348 984 375 1041 5.
396 988 440 1048 15,
457 990 484 1041 6.
508 1014 540 1026 -
561 983 639 1039 Eum
660 984 723 1039 odit
743 983 777 1038 P.
809 980 854 1036 lb.
877 982 934 1056 Ep.
955 990 1011 1050 25,
1033 992 1048 1038 1
1069 992 1099 1038 et
1118 991 1145 1043 5.
1178 1014 1214 1028 -
1243 985 1312 1041 Non
1339 986 1468 1043 habehat
1567 1018 1570 1021 ,

116 1061 261 1119 Vatinius
281 1068 407 1132 propter
427 1059 561 1114 omnium
578 1077 679 1133 spem,
703 1076 779 1134 quae
810 1056 937 1112 militum
951 1056 1004 1112 Ill.
1018 1059 1111 1114 milia.
1139 1057 1182 1115 Ih.
1200 1059 1257 1134 Ep.
1272 1060 1469 1121 en-Bona

115 1136 157 1193 de
179 1137 230 1192 illo
252 1144 298 1189 est
316 1143 404 1209 atque
425 1145 501 1189 erat.
542 1132 630 1209 (snt.
653 1154 679 1188 a.
700 1152 730 1189 ιι.
751 1152 777 1189 c.
809 1132 845 1187 de
867 1132 998 1188 Domitio
1025 1134 1102 1189 fama
1129 1145 1185 1191 est.
1225 1136 1270 1193 lh.
1295 1141 1350 1203 26,
1375 1149 1402 1195 1.
1434 1167 1465 1178 ·-

114 1210 199 1285 695.)
227 1213 256 1266 iu
277 1209 430 1266 Vatinium
453 1221 506 1274 10,
529 1215 576 1268 25.
599 1241 630 1251 -
653 1209 780 1265 Praeto=
809 1207 1086 1282 (Pompeianorum)
1105 1229 1192 1265 nemo
1212 1231 1267 1268 nec
1284 1212 1404 1270 stultior
1423 1222 1469 1268 est

118 1306 172 1344 res
187 1285 330 1343 hahemus
345 1287 543 1341 amicissimos
565 1294 595 1340 et
614 1287 779 1357 acerrirps
810 1302 898 1359 quam
924 1284 959 1340 L.
984 1285 1133 1340 Domitius
1161 1305 1217 1343 nec
1244 1290 1468 1344 inconstantior

115 1360 777 1454 cives.Domitiuthigidium,Memmium,
809 1377 900 1433 quam
920 1362 1002 1434 App.
1029 1359 1181 1418 Claudius.
1217 1362 1257 1437 (a.
1279 1382 1310 1418 n.
1334 1382 1360 1418 e.
1385 1367 1468 1432 705.)

116 1436 292 1494 Lentulum.
333 1436 504 1508 adQ.hr.
527 1448 553 1503 1,
575 1444 603 1501 2,
626 1438 721 1503 5,15.
746 1464 777 1475 -
810 1434 922 1489 adAtt.
944 1446 971 1502 8,
992 1442 1018 1500 1,
1038 1443 1065 1495 5.
1087 1437 1224 1493 -Ecee
1241 1439 1305 1494 litte
1325 1457 1371 1505 ae,
1392 1438 1469 1495 Cae·

118 1514 159 1570 L.
176 1512 327 1569 Domitius
341 1510 562 1568 Ahenobarbus
577 1523 700 1586 praetor
714 1529 780 1566 a.u.
809 1527 908 1564 sarem
929 1510 965 1566 ad
984 1509 1348 1579 Corfiniun1,»Domitinm
1368 1511 1469 1571 Corfi-

119 1608 150 1646 c.
162 1591 245 1653 696,
264 1607 331 1644 cum
344 1586 400 1643 Cn.
413 1587 555 1653 Manlius,
572 1586 712 1643 tribunus
728 1585 779 1660 pt,
810 1584 851 1639 nii
866 1603 933 1641 eum
948 1583 1036 1641 lirum
1055 1591 1192 1644 exercitu
1210 1600 1239 1644 et
1256 1609 1391 1665 pugnare
1414 1594 1471 1646 cu-¹
1513 1614 1519 1625 ·

122 1663 273 1720 subnixus
284 1663 494 1719 libertinorum
509 1674 538 1719 et
551 1680 780 1719 servorumma-
810 1662 919 1733 piente.
953 1662 1021 1716 Non
1050 1671 1123 1736 puto
1149 1666 1238 1720 etiam
1257 1667 1314 1721 hoc
1335 1665 1468 1722 Cnaeum

122 1757 165 1797 nu
185 1739 419 1813 perditissimam
444 1738 540 1813 legem
561 1740 672 1805 ferret,
693 1749 726 1793 ut
742 1736 782 1792 li·
811 1746 946 1791 nostrum
972 1740 1220 1807 commissurum,
1248 1750 1281 1796 ut
1302 1740 1468 1797 Domitium

120 1813 253 1872 bertinis
279 1817 310 1869 in
337 1811 475 1869 omnibus
503 1811 643 1869 tribubus
670 1812 782 1869 suffra-
810 1812 969 1887 relinquat.
999 1815 1113 1869 ndAtt.
1130 1821 1159 1881 8,
1176 1824 1203 1880 5,
1222 1822 1248 1875 7.
1269 1846 1308 1860 -
1327 1816 1400 1873 Eius
1417 1817 1469 1873 lit.

117 1893 207 1968 gium
222 1900 303 1945 esset
320 1888 409 1964 idque
426 1907 481 1964 per
500 1891 659 1945 tumultum
678 1897 783 1963 ageret
809 1895 892 1941 tei-ae
913 1889 950 1942 nd
965 1888 1149 1960 Pompeium.
1176 1891 1252 1948 Ihid.
1269 1891 1326 1966 Ep.
1342 1896 1370 1961 6,
1386 1898 1414 1949 2.
1430 1924 1467 1935 -

117 1976 152 2022 et
174 1965 288 2020 clivum
307 1964 509 2038 Capitolinum
527 1963 696 2031 obsideret,
719 1964 781 2019 dis·
811 1961 968 2017 Deseritur
994 1964 1189 2038 aPempeio.
1228 1964 1273 2022 lh.
1295 1967 1351 2042 Ep.
1376 1974 1410 2034 8,
1437 1976 1466 2024 2.

118 2043 219 2099 cussit
236 2039 434 2115 perrupitqne
449 2049 567 2096 coetum
582 2043 635 2105 ita,
651 2050 683 2094 ut
695 2040 781 2095 multi
810 2037 866 2110 Ep.
887 2044 932 2094 11.
945 2039 984 2093 Α.
1008 2069 1041 2081 -·
1063 2039 1195 2097 Omnino
1211 2043 1328 2116 culpam
1347 2061 1468 2099 omnem

119 2116 348 2176 Manlianorum
366 2113 622 2171 interficerentur.
651 2114 718 2187 Quo
735 2114 781 2170 fa·
809 2112 970 2186 Pompeius
991 2116 1020 2169 in
1039 2114 1204 2172 Domitium
1225 2119 1355 2173 confert.
1391 2116 1467 2175 Ibid.
1530 2126 1533 2131 '

119 2204 171 2250 cto
194 2199 225 2246 et
244 2189 362 2265 plebem
383 2188 516 2246 infimam
538 2189 663 2247 offendit
681 2202 711 2246 et
732 2208 781 2245 se·
810 2186 865 2261 Ep·
897 2196 948 2253 12,
979 2193 1009 2249 6.
1048 2190 1110 2247 Cir.
1182 2192 1301 2248 istolam
1331 2193 1469 2267 Pompeii

118 2277 211 2326 natus
235 2284 375 2343 magnam
398 2268 527 2341 gratiam
546 2268 624 2321 iniit.
663 2266 778 2321 Ascon.
810 2264 916 2336 ipsam.
945 2262 1022 2320 Ibid.
1043 2265 1080 2321 A.
1108 2295 1142 2311 ·-
1159 2211 1303 2342 1llorupeii
1324 2268 1469 2344 epistolae

118 2345 152 2401 in
171 2341 280 2400 Milon.
298 2360 329 2416 p.
348 2347 395 2401 16.
420 2371 451 2381 -
474 2342 509 2397 L.
524 2341 674 2397 Domitius
691 2361 780 2416 prae·
809 2337 846 2392 ad
863 2339 1027 2395 Domitium
1047 2343 1165 2397 missae.
1198 2342 1242 2398 lb.
1263 2343 1298 2399 Β.
1317 2343 1350 2400 C.
1372 2345 1409 2401 o:
1431 2373 1468 2386 -

118 2433 170 2477 tor
190 2416 511 2476 adversnsciesarem
533 2419 594 2491 egit
614 2419 778 2473 insenatn.
809 2413 896 2469 Varii
910 2414 946 2469 de
961 2433 997 2470 eo
1011 2433 1160 2472 rumores.
1190 2417 1467 2493 1888115.-

119 2493 228 2552 Sehol.
256 2491 333 2550 Bob.
369 2511 425 2566 pro
454 2490 555 2551 Sestio
586 2513 615 2566 p.
644 2498 711 2551 297.
745 2522 780 2533 -
810 2488 969 2557 Domitius,
992 2502 1026 2545 nt
1044 2493 1143 2560 audio,
1167 2493 1198 2547 in
1218 2493 1339 2552 Cosano
1362 2507 1416 2561 est,
1439 2503 1469 2549 et

119 2571 264 2628 Caesaris
286 2569 384 2624 oratio
406 2570 436 2623 in
456 2585 521 2623 enm
542 2567 645 2624 habita
665 2586 691 2622 a.
710 2585 737 2622 ιι.
755 2585 779 2622 e.
810 2565 939 2639 quidem,
960 2573 994 2619 nt
1010 2567 1103 2632 aium,
1123 2579 1247 2642 paratus
1265 2569 1302 2625 ad
1317 2571 1466 2638 navigan-

124 2651 193 2705 696.
234 2642 336 2701 Schol.
356 2642 432 2699 Boh.
461 2661 518 2717 pro
539 2638 638 2699 Sestio
661 2661 691 2717 p.
714 2648 779 2701 297.
810 2643 896 2705 dum;
918 2642 944 2696 si
958 2644 988 2694 in
1002 2640 1189 2714 Hispaniam,
1214 2662 1277 2699 non
1296 2643 1415 2719 probo,
1438 2645 1465 2699 si

127 2720 277 2776 inVatin.
297 2739 326 2794 p.
344 2725 409 2778 517.
431 2721 497 2778 521.
522 2746 554 2759 -
580 2718 781 2773 Vehementer
811 2715 1121 2782 aanaenm,laudo.
1151 2716 1196 2773 lb.
1218 2718 1287 2776 Lib.
1302 2725 1331 2787 9,
1347 2724 1376 2788 6,
1392 2727 1466 2776 2.-

127 2805 256 2852 vexatns
274 2796 322 2869 (in
343 2801 467 2863 senatu)
488 2791 656 2849 Gabinius:
678 2796 781 2860 exagi—
810 2792 864 2848 Est
883 2792 915 2847 in
929 2789 1060 2847 Cosano.
1089 2792 1134 2848 lb.
1159 2793 1214 2868 Ep.
1238 2801 1267 2860 9,
1289 2799 1317 2853 5.
1343 2825 1373 2835 -
1396 2796 1432 2850 Ei
1449 2812 1467 2849 a

126 2873 185 2927 tati
206 2882 299 2926 tanim
319 2872 464 2943 (crient)
491 2889 506 2922 a
529 2868 662 2924 Domitio
681 2866 782 2944 publi·
810 2878 917 2922 senatu
936 2866 1121 2941 Pompeiano
1143 2888 1170 2923 a.
1187 2889 1215 2924 u.
1233 2889 1259 2925 c.
1276 2876 1339 2929 705.
1361 2870 1468 2927 decer·

122 2947 209 3014 cani,
230 2947 387 3022 quodcum
402 2956 502 3000 essent
520 2963 587 3000 cum
605 2946 689 3019 equis
710 2962 781 3016 pro·
812 2945 894 2999 nitur
910 2945 1086 3015 provincia;
1109 2942 1232 3000 obvenit
1247 2944 1355 3001 Gallia.
1378 2945 1465 3002 Caes.

117 3023 231 3080 secuti.
258 3023 295 3078 ad
309 3020 347 3093 Q.
363 3020 416 3077 Fr.
432 3025 460 3085 2,
476 3028 522 3087 15,
538 3028 566 3076 2.
589 3049 621 3095 Γ
643 3019 686 3077 Μ.
703 3020 782 3078 Cur·
811 3018 877 3075 Civ.
897 3023 924 3082 1,
943 3016 1469 3081 6.-Corfiniisubsistiteumcir-

119 3099 166 3155 tio
186 3094 373 3154 tribunatum
395 3115 411 3150 a
430 3095 560 3152 Caesare
581 3097 689 3170 petivi:
711 3113 780 3152 nam
811 3096 886 3149 citer
911 3091 985 3148 XX.
1012 3093 1199 3151 cohortibus.
1247 3095 1325 3152 Ibid.
1355 3104 1468 3156 16..-

118 3173 275 3231 Domitins
296 3191 327 3229 se
349 3170 481 3229 derideri
498 3180 644 3244 putasset,
663 3172 690 3226 si
703 3182 782 3227 esset
810 3168 931 3225 Nullum
952 3169 1097 3226 auxilium
1116 3188 1133 3225 a
1155 3171 1301 3245 Pompeio
1324 3191 1393 3228 enm
1416 3191 1470 3228 ae-

118 3268 139 3305 n
157 3266 205 3305 me
223 3259 367 3323 rogatus:
390 3248 446 3302 hoc
465 3251 544 3301 enim
563 3257 608 3301 est
626 3248 689 3301 eius
705 3265 782 3322 quo·
811 3245 950 3319 cepisset,
974 3244 1082 3301 milites
1102 3264 1169 3301 eum
1187 3249 1290 3303 vivum
1310 3249 1342 3302 iu
1356 3247 1469 3304 Caesa-

120 3324 284 3390 tidiannm,
305 3341 338 3379 se
359 3340 395 3377 ne
417 3320 572 3378 tribunum
589 3320 709 3396 quidem
725 3322 782 3376 mi·
811 3325 854 3375 ris
870 3329 1045 3407 potestatem
1057 3321 1216 3378 transdere
1229 3333 1372 3379 statuunt.
1393 3323 1469 3378 Eum

115 3400 207 3457 litum
237 3400 357 3464 facere3
389 3399 479 3453 etiam
511 3397 542 3451 in
575 3407 681 3452 senatu
711 3396 782 3452 lusit
812 3413 846 3450 ac
865 3395 961 3451 hlium
979 3395 1016 3451 ad
1039 3415 1072 3451 se
1093 3398 1259 3471 productos
1279 3398 1402 3455 dimittit
1421 3399 1471 3459 in-

117 3475 255 3550 Appinm
285 3474 429 3547 collegam
460 3480 621 3547 propterea
653 3473 712 3527 isse
744 3472 781 3527 ad
811 3469 953 3526 columes.
983 3470 1058 3527 Ibid.
1079 3480 1126 3531 25.
1148 3501 1182 3514 -
1201 3470 1412 3535 Proficiscitur
1430 3472 1470 3530 ad

117 3551 303 3616 Caesarem,
326 3560 357 3605 nt
374 3548 503 3623 aliquem
522 3545 706 3603 tribunatum
728 3566 783 3604 an·
811 3545 1018 3619 occupandam
1039 3546 1215 3603 Massiliam.
1251 3548 1295 3604 lh.
1319 3550 1365 3608 54·
1384 3579 1421 3593 -
1440 3549 1470 3604 A

119 3629 228 3685 ferret.
259 3623 470 3699 (a.u.e.700.)
497 3623 534 3678 ad
552 3622 590 3693 Q.
610 3623 661 3678 Fr.
684 3629 712 3689 2,
733 3629 780 3689 15,
812 3620 1050 3676 Massiliensibus
1072 3634 1222 3698 receptus,
1245 3621 1469 3698 urbipraefici-

120 3710 152 3764 5.
180 3701 245 3758 cte.
271 3700 363 3764 150..
386 3701 412 3758 h·
433 3698 607 3753 -'Hirrus
631 3716 698 3752 eum
719 3698 783 3753 Do·
813 3708 871 3751 tur.
911 3695 988 3751 Ibid.
1017 3703 1065 3756 56.
1101 3729 1131 3740 —-
1164 3698 1299 3755 tttassitia
1328 3700 1471 3774 profugit.

121 3780 210 3834 mitio
233 3779 265 3831 in
288 3775 383 3849 gratia
406 3784 463 3829 est.
499 3791 526 3828 a.
546 3792 575 3829 ιι.
597 3792 622 3829 e.
645 3780 709 3834 700.
746 3773 783 3828 ad
811 3771 856 3827 Ih.
877 3769 943 3829 Lib
965 3780 999 3839 2,
1022 3779 1068 3829 22.
1092 3802 1128 3816 ·-
1156 3771 1282 3830 Corfinii
1303 3793 1319 3828 a
1341 3774 1471 3832 Caesare

120 3855 189 3910 Att.
212 3852 240 3919 h,
264 3856 309 3918 16,
332 3854 361 3907 5.
382 3879 421 3892 -
441 3848 566 3915 (Consul
585 3848 642 3903 fnit
660 3867 687 3903 a.
706 3867 735 3903 ιι.
756 3867 781 3903 e.
812 3854 917 3920 captus
938 3856 966 3901 et
988 3847 1128 3904 dimissus
1147 3867 1213 3904 a.n.
1226 3868 1252 3906 e.
1268 3856 1331 3909 705.
1352 3846 1470 3925 signill-

123 3936 193 3989 700.
216 3945 284 3983 eum
304 3925 407 4000 Appio
428 3924 553 3981 Claudio
572 3923 726 3992 Pulchro.)
750 3954 780 3966 -
812 3932 898 3977 catur
921 3941 937 3975 a
958 3921 1062 3979 Caelio
1086 3925 1122 3979 ad
1142 3924 1225 3979 Fam.
1249 3930 1283 3991 8,
1310 3930 1363 3993 15,
1388 3931 1414 3980 2.
1434 3953 1473 3968 -

120 4001 217 4075 Quod
237 4012 283 4067 te,
311 4000 348 4057 L.
375 4000 505 4065 Domiti,
536 3998 593 4055 Cn.
621 3996 782 4073 Pompeius
811 3996 917 4052 Paullo
936 4008 1005 4053 ante
1029 4016 1160 4072 pugnam
1183 3999 1389 4056 Pharsalicam
1413 4002 1472 4057 iani

120 4080 196 4136 hnic
223 4063 392 4153 quaestitini
418 4075 472 4149 (de
496 4073 587 4131 caede
610 4074 645 4131 P.
668 4074 782 4140 Clodii)
812 4073 847 4128 de
867 4072 1037 4129 sacerdotio
1058 4073 1199 4130 Caesaris
1218 4075 1379 4143 Domitius,
1402 4075 1472 4133 Sci-

120 4170 269 4229 praeesse
287 4152 415 4207 maxime
434 4150 546 4215 voluit,
568 4150 642 4206 nihil
662 4151 784 4225 quaesi·
813 4149 873 4222 pio,
897 4146 1099 4224 Spintherque
1120 4149 1265 4205 Lentulus
1287 4150 1470 4226 quotidianis

120 4231 170 4287 vit
199 4227 299 4294 aliud,
331 4228 391 4284 nisi
422 4227 564 4281 iustitiam
592 4228 780 4299 gravitatem,
811 4222 1056 4280 contentionibus
1081 4224 1119 4280 ad
1143 4228 1338 4296 gravissimas
1363 4224 1471 4282 verbn-

120 4306 339 4361 hnmauitatem
367 4299 468 4358 fidem.
487 4334 506 4344 -
525 4333 544 4344 -
570 4300 617 4356 Ex
642 4300 783 4356 consula·
812 4318 879 4354 rum
899 4299 1095 4354 contumelias
1115 4301 1214 4373 palam
1234 4300 1469 4359 descenderunt.
1526 4370 1529 4375 Ι

119 4378 210 4436 ribus
230 4389 259 4435 te
279 4380 396 4436 crearit
417 4378 624 4451 potissimum
656 4375 782 4431 dederas
812 4375 925 4430 Caesar
946 4374 1010 4430 Civ.
1033 4383 1068 4442 5,
1090 4381 1136 4434 85.
1158 4402 1195 4419 -·
1214 4376 1250 4432 L.
1267 4376 1416 4434 Domitius
1435 4380 1469 4433 in
1512 4434 1521 4449 ,

119 4459 215 4521 enim,
236 4471 326 4530 qnam
339 4450 724 4526 contemnerespopulares
738 4454 783 4507 in·
812 4448 939 4504 consilio
959 4449 1053 4504 dixit:
1074 4450 1194 4524 placere
1216 4449 1273 4507 sihi
1295 4449 1373 4508 hello
1396 4470 1471 4509 con-

119 4533 236 4598 sanias,
251 4532 311 4585 iam
329 4526 366 4584 ab
383 4526 586 4583 adolescentia
605 4527 782 4583 decmnenta
812 4524 889 4579 fecto
902 4535 1003 4579 ternas
1015 4523 1138 4580 tabellas
1150 4526 1216 4581 dari
1227 4524 1264 4580 ad
1276 4526 1470 4585 iudicandum

119 4608 265 4663 maxima.
299 4621 356 4677 pra
375 4600 488 4659 Milone
507 4611 536 4668 8,
559 4609 605 4657 22.
627 4632 660 4649 ·-
681 4602 783 4672 Quae·
812 4599 866 4665 iis,
893 4603 943 4675 qni
967 4599 1085 4655 ordinis
1112 4612 1213 4655 essent
1237 4602 1382 4658 senatorii
1406 4602 1470 4661 bel·

121 4685 202 4739 sitor
218 4682 251 4737 in
269 4677 382 4736 iudicio
399 4677 567 4734 Miloniano
584 4697 611 4733 a.
627 4695 659 4732 ιι.
674 4695 700 4732 c.
718 4684 782 4737 702.
811 4674 899 4750 loque
916 4693 975 4729 una
991 4693 1058 4730 cum
1073 4676 1146 4748 ipsis
1165 4676 1385 4746 interfuissent,
1401 4697 1472 4735 sen·

121 4760 236 4815 Areon.
258 4757 290 4811 in
310 4753 374 4810 ttlit.
396 4772 426 4827 p.
444 4758 492 4812 59.
509 4757 556 4811 to.
577 4783 615 4795 -
635 4752 782 4809 Rumores
811 4752 981 4824 tertiasque
1001 4749 1036 4805 de
1050 4749 1178 4823 singulis
1192 4751 1319 4819 ferrent,
1342 4756 1393 4830 qui
1408 4754 1473 4811 Ro-

122 4832 249 4890 adversi
265 4830 303 4887 de
316 4828 445 4886 Caesare
463 4827 562 4902 palam
578 4838 696 4885 secreto
710 4846 782 4883 nar·
812 4844 877 4880 mae
900 4826 1118 4880 remansissent
1143 4827 1253 4902 quique
1278 4828 1357 4885 intra
1381 4849 1472 4905 prae-

121 4920 253 4965 rantur:
284 4905 332 4981 (a.
353 4923 382 4959 ιι.
403 4922 429 4959 c.
448 4910 534 4969 705.)
565 4912 597 4958 nt
621 4903 780 4969 Domitius,
812 4901 888 4957 sidia
908 4900 1044 4975 Pompeii
1068 4901 1196 4957 fuissent
1220 4919 1319 4977 neque
1346 4924 1471 4980 operam

124 5002 195 5042 οιιιιι
215 4998 324 5040 manns
344 4979 382 5037 ad
401 4997 436 5036 os
455 4981 604 5054 apposnit.
639 4977 678 5035 ad
696 4978 780 5036 Fam.
810 4978 843 5033 in
856 4994 889 5033 re
901 4975 1023 5033 militari
1035 4978 1274 5051 praestitissent:
1296 4997 1389 5038 unam
1404 4982 1469 5037 fore
