3288 5594
281 4262 285 4273 .
301 4222 458 4297 primaque
478 4218 679 4276 adolescentia
700 4219 813 4275 cultum
834 4231 863 4275 et
876 4237 959 4275 sem-
988 4218 1051 4275 hini
1065 4231 1239 4294 quaestores
1253 4223 1285 4277 in
1301 4221 1405 4278 Sicilia
1419 4218 1595 4344 εἰιιςιιΙίεξῐ11

293 372 357 441 600
713 377 765 443 Μ.
791 376 992 445 TULLIUS
1017 374 1212 446 CICERO.

292 516 376 576 Sulla
397 519 512 596 legatus
539 518 577 577 ed
600 530 735 577 senatum
758 520 794 576 de
815 519 950 578 Rhodio·
979 520 1074 579 frater
1100 530 1132 576 et
1152 518 1189 576 T.
1211 520 1397 596 Pomponius
1425 532 1454 576 et
1471 517 1504 576 L.
1522 518 1596 579 Cicero

290 613 359 652 rum
381 599 523 672 praemiis
543 595 695 652 venerat.”
723 595 948 659 brunensis.
979 596 1073 654 frater
1092 596 1249 672 patruelis.
1289 597 1327 659 da
1338 596 1432 653 Fiun-
1448 602 1474 663 1,
1488 602 1514 661 5,
1528 602 1561 655 16.
1578 605 1596 662 t,

290 699 329 715 -
348 671 415 728 Hoc
436 691 516 733 anno
537 672 704 727 defendisse
724 671 843 727 videtur
861 674 949 728 etiam
980 681 1007 738 1,
1024 678 1050 727 1.
1069 671 1231 729 -Ibidem
1250 676 1359 747 etipse
1375 672 1598 728 etAtticuaElst—

292 746 446 804 Varenum
475 749 635 815 sicarium,
670 749 722 823 qui
750 758 849 803 temen
878 765 950 803 cou-
979 748 1066 805 siniis
1087 750 1239 821 mysteriis
1259 749 1369 805 initiati
1390 759 1472 804 suut.
1498 746 1599 822 deleg.

293 822 451 879 demontus
472 834 527 880 est.
980 831 1014 890 2,
1036 825 1088 893 tlt,
1110 826 1155 884 66.
1184 852 1215 864 ·-
1244 824 1345 895 „Post
1370 841 1390 879 a
1416 841 1465 879 me
1482 824 1599 879 Asistau

332 899 371 955 A.
393 918 422 955 u.
445 918 471 954 c.
495 902 560 959 675.
592 909 650 954 set.
671 897 816 956 xxvnt.
859 897 951 973 „Ego
981 917 1051 973 pera
1074 909 1139 955 rata
1157 899 1600 974 estcumsummisquidemon-

293 974 373 1033 hauc
390 974 631 1031 adolescentulus
645 992 777 1041 causam,
800 992 867 1030 cum
881 992 952 1050 age·
981 920 1109 1041 torilIus,
1131 973 1307 1050 quibuscum
1323 974 1492 1033 exercebar
1504 977 1563 1049 Ipsis
1571 976 1600 1029 is

293 1067 360 1107 retu
393 1061 500 1106 contra
537 1051 688 1107 hominem
721 1050 951 1106 disertissimum
981 1047 1137 1117 bentibns3
1166 1068 1295 1126 quornm
1322 1061 1389 1105 erat
1412 1049 1602 1125 princepslde-

280 1137 419 1186 ‘nostrae
431 1127 571 1190 civitatis,
584 1124 712 1192 Cottam,
724 1122 862 1200 probavi.
878 1125 953 1182 Cum
981 1127 1090 1201 hippus
1105 1123 1342 1182 Stratonicensis
1362 1143 1434 1182 meo
1451 1124 1549 1183 iudicio
1563 1136 1601 1181 tots

295 1203 459 1259 Arretinae
488 1201 624 1257 mulieris
653 1200 821 1259 libertatem
849 1201 953 1257 defen·
982 1203 1054 1258 Asia
1094 1200 1151 1256 illis
1187 1201 1375 1276 temporibus
1414 1202 1601 1258 disertissimus.

297 1278 401 1335 derem
419 1274 556 1334 ethotta
577 1275 756 1333 decemviris
777 1277 952 1351 religionem
981 1276 1194 1333 Assiduissime
1220 1289 1317 1334 autem
1344 1293 1467 1333 mecum
1490 1277 1540 1332 fuit
1555 1275 1602 1330 llis

296 1353 467 1419 iniecisset,
495 1370 557 1408 non
578 1370 668 1427 posse
690 1360 826 1408 nostrum
849 1370 954 1408 sacra·
983 1353 1088 1424 nysius
1109 1351 1251 1426 Magnes3
1276 1363 1342 1409 erut
1361 1353 1455 1408 etiam
1475 1352 1601 1423 Aeschylus

296 1439 430 1484 mentum
451 1430 561 1485 iustum
583 1428 727 1496 indicari,
758 1427 837 1505 quod
857 1428 954 1483 Arre·
983 1427 1119 1494 Cnidius,
1140 1425 1379 1501 Adramyttenus
1401 1427 1555 1484 Xenocles.
1580 1426 1603 1480 lb

295 1507 370 1560 tinis
390 1503 529 1578 adempta
548 1503 656 1559 civitas
674 1514 763 1569 esset,
787 1512 817 1558 et
833 1520 954 1577 agore·
982 1516 1045 1559 tum
1065 1505 1096 1559 in
1113 1503 1188 1558 Asia
1216 1505 1371 1560 rhetorum
1400 1503 1547 1579 principes
1566 1520 1602 1556 us

295 1580 465 1638 hementius
484 1578 706 1635 contendissem
730 1581 881 1639 civitatem
902 1577 956 1635 ad·
984 1576 1188 1634 morabantur.
1238 1577 1355 1650 Quibus
1390 1599 1457 1638 non
1486 1588 1602 1634 contentu

295 1657 351 1713 imi
383 1673 446 1710 uon
478 1655 633 1728 potuisse;
667 1653 830 1710 decevari
858 1654 954 1728 prima
984 1654 1120 1729 Rhodum
1135 1656 1205 1710 veui
1217 1672 1324 1730 meque
1338 1654 1377 1711 ad
1395 1654 1532 1717 eundem,
1549 1670 1603 1728 quea

297 1732 417 1788 actione
446 1748 507 1786 non
535 1730 761 1785 iudicaverunt:
789 1739 894 1806 postea
920 1747 954 1785 rc
984 1730 1095 1785 Romae
1109 1730 1292 1797 audiveram,
1310 1729 1470 1787 Molonem
1483 1727 1601 1803 applicati

297 1808 434 1884 quaesita
470 1814 501 1860 et
534 1802 700 1861 deliberata
733 1816 955 1862 sacramentnm
984 1823 1051 1860 cum
1071 1814 1204 1861 actorem
1230 1807 1260 1861 iu
1287 1807 1368 1873 ueris
1392 1807 1495 1861 causis
1513 1808 1603 1875 scripte

269 1924 273 1928 ,
298 1891 438 1938 nostrum
467 1881 578 1936 iustum
609 1880 835 1948 iudicaverunt,
867 1891 955 1956 atque
984 1898 1106 1956 remque
1127 1890 1340 1955 praestantem,
1367 1894 1434 1937 tum
1456 1883 1487 1935 in
1505 1876 1602 1935 oonnl'a

296 1957 356 2014 hoc
383 1964 415 2011 et
439 1966 546 2011 contra
572 1954 692 2019 dicente
708 1955 801 2013 ‘Cotta
822 1966 851 2011 et
872 1954 955 2013 Sulla
984 1954 1258 2012 aniniadvertendis
1281 1975 1317 2012 ue
1327 1958 1414 2013 vitiis
1425 1953 1603 2012 etinstituesla

297 2033 370 2088 vivo
390 2029 554 2087 iudicatum
574 2031 649 2087 cst.’'
685 2049 743 2106 pro
758 2030 885 2091 Caecina
907 2036 954 2093 56.
985 2031 1180 2107 docendoque
1200 1976 1485 2105 prudentissimum.
1519 2029 1603 2085 Isdedt

297 2113 347 2167 97.
379 2136 416 2149 -
445 2106 546 2178 „Erat
574 2124 610 2162 eo
639 2117 774 2179 temporo
807 2110 838 2163 in
869 2104 956 2162 nobis
985 2124 1108 2181 operam
1129 2110 1173 2176 (si
1192 2107 1281 2162 modo
1301 2107 1331 2163 id
1352 2107 1502 2183 consequi
1517 2104 1602 2180 punit),

297 2199 412 2238 summa
432 2181 587 2258 gracilitas
612 2191 642 2237 et
664 2180 825 2239 infirmitas
846 2201 956 2256 corpo·
985 2193 1017 2237 ut
1049 2182 1137 2237 nituis
1167 2168 1370 2240 redundastis
1402 2201 1461 2239 nos
1485 2192 1513 2237 et
1533 2197 1603 2253 super

296 2260 360 2325 ris,
393 2275 553 2332 procerum
580 2269 609 2313 et
634 2269 723 2313 tenue
750 2258 877 2314 collnmz
905 2258 957 2333 qui
984 2256 1112 2313 fluentes
1133 2259 1256 2313 iuvenili
1283 2258 1414 2333 quadam
1444 2254 1552 2314 dicendi
1571 2258 1603 2309 in

296 2333 417 2391 habitus
438 2344 468 2389 et
485 2351 564 2409 qnae
583 2331 679 2407 figura
701 2352 762 2388 non
803 2333 889 2389 rocul
903 2333 957 2388 ab·
985 2335 1120 2407 punitate
1140 2344 1170 2389 ct
1185 2335 1305 2390 licentia
1319 2330 1603 2408 reprunerstetqns‘

299 2427 366 2466 esse
385 2419 509 2484 putatur
537 2411 653 2464 avitae
674 2353 827 2483 periculb,
860 2410 886 2465 si
905 2427 956 2463 ao·
985 2420 1070 2464 extra
1109 2410 1191 2483 ripas
1230 2407 1419 2466 diffluentem
1461 2402 1603 2464 coerceret?

298 2486 379 2542 cedit
398 2483 485 2541 labor
506 2494 536 2540 et
555 2484 683 2540 laterum
703 2503 810 2560 magne
829 2496 957 2541 conten·
985 2483 1071 2541 Brut.
1089 2487 1137 2549 91,
1156 2488 1221 2542 516.
1236 2502 1298 2561 seq.
1320 2515 1359 2528 -
1377 2485 1428 2542 Ihi
1447 2486 1531 2540 etism
1546 2482 1603 2538 Posi·

297 2561 352 2617 tio.
373 2558 477 2636 quue
492 2561 587 2633 magis
602 2560 658 2616 boc
672 2578 734 2626 eos,
753 2557 860 2637 quibus
874 2578 956 2615 eram
985 2559 1108 2616 denium
1122 2559 1331 2634 philosophum
1345 2560 1474 2623 audivit,
1489 2568 1554 2613 teste
1563 2556 1604 2611 Ph·

298 2654 406 2703 eurus,
429 2633 650 2701 commovebat,
672 2635 751 2711 quod
772 2638 870 2695 otnnia
892 2637 956 2691 sine
984 2636 1108 2699 tarcbo,
1163 2653 1229 2690 uem
1258 2636 1325 2692 ideo
1351 2636 1528 2692 familiarem
1549 2647 1603 2687 sum

297 2712 492 2779 remissione,
521 2712 585 2766 sine
606 2713 769 2778 varietate,
787 2713 822 2777 xri
843 2729 956 2767 somma
986 2721 1075 2765 vocat
1094 2710 1130 2765 de
1174 2712 1238 2766 inu.
1263 2723 1289 2776 t,
1312 2719 1341 2777 2,
1364 2716 1397 2771 6.
1421 2720 1452 2768 et
1470 2710 1603 2783 magistron

296 2790 383 2845 vocis
415 2796 445 2842 et
472 2789 564 2842 totins
593 2789 733 2860 corporis
763 2788 956 2843 contentione
986 2785 1022 2841 de
1037 2785 1111 2841 Fato
1131 2793 1159 2853 5,
1175 2790 1203 2844 5.
1242 2786 1306 2843 Cfr.
1328 2786 1364 2843 de
1379 2786 1453 2844 Nat.
1467 2786 1503 2841 D.
1524 2783 1602 2848 uhi

298 2863 446 2921 dicebam.
490 2862 598 2937 Itaque
616 2881 684 2919 cum
704 2880 750 2918 me
770 2875 800 2919 et
820 2863 907 2917 amici
927 2873 957 2917 et
985 2896 988 2901 v
1023 2859 1151 2917 Biennio
1174 2871 1242 2935 post
1255 2881 1282 2918 a.
1299 2881 1328 2918 u.
1343 2882 1371 2919 c.
1389 2870 1458 2924 677.
1474 2869 1526 2917 aet.
1537 2853 1602 2913 IIII

297 2938 406 2995 medici
434 2939 648 3003 hortarentur,
675 2949 709 2993 ut
735 2957 841 2994 causas
867 2955 956 3010 agere
986 2938 1101 3011 recepit
1127 2955 1159 2992 se
1179 2936 1304 2992 Bonnam
1331 2956 1426 3009 „non
1448 2934 1531 2992 modo
1547 2948 1603 2987 exu-

299 3014 493 3071 desisterem:
522 3013 649 3088 quodvis
670 3015 770 3089 potins
791 3014 956 3089 periculum
986 3012 1124 3078 citatior,
1149 3010 1201 3068 sed
1222 3031 1317 3087 prope
1338 3024 1481 3070 mutatus·
1516 3007 1602 3086 Neutl

298 3090 371 3146 mihi
386 3088 565 3152 adeundum,
581 3108 670 3163 squam
681 3108 696 3142 a
708 3101 828 3163 sperata
838 3088 957 3144 dicendi
986 3090 1139 3144 contentio
1151 3088 1240 3143 nimia
1252 3092 1335 3145 vocis
1345 3089 1506 3152 resideret,
1518 3096 1601 3158 etqtttt

299 3165 396 3239 gloria
418 3161 631 3219 discedendum
651 3166 766 3237 putavi.
808 3163 869 3222 Sed
890 3181 957 3219 cum
986 3163 1278 3228 deferrerutoratio,
1299 3162 1602 3241 lotethusqneriiestl

299 3256 455 3296 censerem
484 3240 663 3294 remissione
693 3250 722 3293 et
750 3240 956 3294 moderatione
986 3240 1110 3313 corpori
1129 3239 1289 3295 medioc'ris
1310 3230 1601 3296 habitnsaccessertl”

299 3316 391 3389 vocis¹
405 3324 434 3369 et
453 3323 635 3369 commutato
653 3331 763 3387 genere
779 3314 897 3370 dicendi
910 3333 957 3369 me
987 3314 1074 3370 Brut.
1090 3317 1138 3382 91,
1154 3321 1219 3375 sto.
1241 3343 1272 3356 -
1294 3315 1343 3371 Ad
1363 3317 1448 3372 hunc
1468 3323 1602 3370 annumrr

299 3400 329 3446 et
348 3388 513 3464 periculum
534 3390 632 3444 vitare
652 3407 742 3463 posse
762 3398 792 3445 et
807 3401 958 3463 tempera·
986 3389 1109 3447 ferenda
1131 3391 1250 3446 videtur
1270 3393 1368 3447 oratio
1396 3408 1454 3466 pro
1474 3388 1508 3462 Q.
1528 3382 1600 3463 liutet

298 3467 359 3522 tius
380 3465 498 3532 dioere;
519 3474 552 3519 ut
572 3464 818 3521 consuetudinem
840 3464 958 3522 dicendi
987 3465 1156 3531 Cortioedo,
1188 3485 1214 3542 ⁸.
1232 3484 1292 3541 quo
1321 3466 1432 3524 Cicero
1460 3466 1491 3521 iu
1514 3463 1600 3518 actium

299 3551 458 3606 niutereni,
480 3558 514 3596 ea
529 3558 619 3605 cause
634 3541 704 3596 mihi
722 3541 752 3597 in
768 3541 871 3596 Asiam
884 3558 959 3616 pro·
987 3551 1051 3597 arte
1074 3543 1229 3598 institutus
1250 3552 1326 3598 erat.

299 3615 455 3675 ficiscundi
470 3617 535 3672 fuit.
563 3615 668 3692 Itaque
682 3634 750 3671 cnm
764 3635 859 3673 essem
874 3615 964 3674 bien-,
1025 3618 1062 3672 A.
1076 3635 1106 3675 u.
1119 3634 1146 3672 c.
1159 3620 1225 3676 678.
1246 3628 1303 3674 aet.
1318 3615 1438 3673 XXXI.
1454 3621 1599 3693 quaesunt

299 3695 383 3750 nium
403 3703 541 3748 versatus
562 3694 594 3748 in
611 3693 710 3748 causis
732 3703 760 3748 et
773 3692 831 3747 iam
846 3693 958 3747 infore
987 3693 1072 3766 petiit
1092 3702 1121 3748 et
1140 3691 1375 3749 causasnobiles
1394 3693 1466 3767 egit.
1493 3686 1597 3746 emim

300 3765 484 3825 celebratum
504 3784 601 3822 menni
622 3786 731 3823 nornen
752 3779 841 3835 esset,
864 3767 956 3823 Roma
987 3771 1052 3826 618.
1073 3797 1112 3809 =-
1135 3768 1211 3837 „tlte
1232 3778 1424 3843 quaestorem
1444 3754 1598 3823 616161611-

268 3858 271 3863 ·
299 3862 366 3900 suin
386 3844 552 3917 profectus.
592 3843 666 3900 Com
690 3844 839 3899 venissem
863 3842 958 3898 Atbe-
986 3843 1090 3913 fragiis
1110 3842 1239 3917 populus
1254 3843 1408 3900 Romanus
1429 3832 1597 3901 faciebat.''i¹

300 3938 367 3987 nas,
390 3936 443 3973 sex
463 3935 581 3973 menses
601 3935 670 3973 oum
690 3919 852 3986 Antiocho,
874 3928 958 3973 vete·
986 3916 1090 3973 Pisou.
1113 3930 1148 3984 1,
1171 3926 1199 3976 2.

299 3996 344 4051 ris
365 3994 544 4052 Academiae
565 3991 752 4051 nobilissimo
775 4004 805 4050 et
825 3994 956 4067 pruden-
1023 3995 1061 4049 A.
1075 4011 1104 4048 u.
1120 4012 1148 4049 c.
1163 3996 1229 4054 679.
1251 4004 1309 4051 aet.
1324 3994 1456 4052 XXXII.
1492 3983 1595 4064 ,Itltffl

300 4071 418 4126 tissime
448 4067 645 4142 philosopho,
679 4069 737 4136 fui,
769 4071 958 4143 studiumque
987 4086 1033 4124 me
1053 4079 1242 4164 quaestorem
1263 4069 1434 4128 SicilieusIs
1454 4066 1596 4140 excepit·r

300 4144 509 4221 philosophiae
534 4160 687 4219 nunquam
714 4146 916 4201 intermissum
941 4162 957 4199 a
988 4143 1065 4199 nus.'
1111 4143 1198 4200 Brut.
1221 4148 1276 4212 92,
1299 4151 1366 4208 616.
1391 4176 1421 4187 -
1449 4143 1595 4202 cumrato

302 4303 498 4426 17666.ἳῖ
516 4294 693 4426 libili?
707 4306 959 4427 ttttttttfi
987 4293 1595 4430 {titt‘’ettaillttttttft..ll

303 4454 440 4521 tempore
459 4444 588 4500 Athenis
609 4447 687 4519 apud
702 4444 885 4503 Demetrium
901 4443 961 4518 Sy·
988 4389 1061 4511 tube,
1093 4412 1232 4520 piaetore
1252 4383 1594 4504 suppedaneum

303 4539 384 4586 rum,
402 4530 532 4577 ueterem
546 4530 575 4575 et
588 4513 653 4576 non
664 4518 827 4596 ignobilem
841 4520 960 4577 dicendi
990 4520 1133 4577 doascon.
1164 4541 1196 4596 p.
1221 4531 1287 4582 100.
1317 4548 1355 4568 -·
1384 4523 1470 4597 ,Ego
1494 4518 1593 4594 quaestor

305 4599 495 4670 magistrum,
513 4594 645 4651 studiose
655 4598 793 4661 exerceri
803 4594 962 4652 solebam.”
990 4598 1162 4671 ignoratum
1183 4595 1220 4654 ah
1241 4596 1458 4672 Syracussnis,
1484 4608 1538 4650 cuit
1552 4594 1592 4639 ‘⁵⁵‘

305 4669 393 4727 Brut.
408 4674 455 4736 91,
471 4675 631 4732 ste-51⁵.
654 4700 686 4712 -
708 4672 835 4728 Athenis
857 4671 962 4727 audie·
990 4675 1113 4729 omnino
1134 4685 1289 4748 negarent,
1309 4684 1443 4749 saeptum
1461 4666 1520 4727 andi
1552 4661 1592 4732 ‘A
1615 4678 1616 4685 ’

307 4742 361 4801 bat
379 4749 467 4802 etiam
488 4746 644 4801 Zenonem
663 4758 692 4801 et
704 4746 874 4803 Phaedrum
883 4746 963 4822 nEpi·
991 4751 1132 4803 vestitum
1152 4749 1295 4823 vepribus
1316 4759 1347 4805 et
1366 4746 1502 4806 dumetisi
1536 4745 1591 4809 ΙΝ
1615 4764 1616 4823 ss

309 4837 528 4895 eureos,-quo
557 4822 653 4893 magis
685 4822 763 4878 hanc
795 4823 963 4879 doctrinam
993 4823 1181 4880 Archimedis
1202 4808 1590 4899 sepulcrum.’'··Tusc·I‚²b
1615 4840 1616 4847 ¹

307 4897 499 4971 perciperet,
531 4898 643 4971 partim
675 4899 764 4952 etiam
792 4899 887 4957 Attici
918 4901 965 4955 sni
992 4902 1039 4958 64·
1064 4927 1096 4943 ·-
1117 4898 1192 4971 ,Sic
1210 4900 1329 4958 obtinui
1342 4878 1590 4977 quaestorium&
1615 4898 1616 4987 l

310 4972 424 5052 gratier
458 4987 529 5033 uam
557 4969 670 5035 ibidem
694 4971 785 5034 simul
808 4982 899 5036 erant
924 4972 962 5048 Q.
992 4972 1062 5033 eilia
1082 4977 1270 5053 promeris,-
1287 4978 1468 5036 ut·omnium
1482 4962 1589 5028 ΜΝ
1615 5010 1616 5063 g
