3288 5594
2 2090 3 2093 ’
63 2088 119 2126 uto

499 412 553 480 M.
572 412 776 481 TULLIUS
798 410 994 484 CICERO·
1208 476 1215 485 .
1350 412 1414 485 tot

1 539 3 610 Ϊ
62 574 136 615 non
154 551 228 613 boui
246 564 431 622 metuerent,
461 552 591 630 improbi
615 574 728 631 exape-
757 554 802 612 dis
827 556 996 624 Ianuariis,
1026 555 1134 619 deinde
1164 556 1279 634 aliquot
1307 556 1414 618 diebus
1449 590 1453 593 ·

60 642 201 688 clarent.
257 629 366 711 Omnia
397 629 569 688 turbulenta
601 631 727 690 consilia
757 641 826 706 post
846 634 877 688 in
897 633 1034 689 oratioue
1061 651 1118 708 pro
1138 633 1256 691 Rostris
1280 634 1317 691 ad
1337 634 1416 707 Qui-

58 718 177 765 contra
206 707 286 763 banc
316 709 361 764 rei
388 705 526 782 publicae
559 719 669 764 statum
699 718 728 763 et
757 709 830 765 ritas
850 706 950 766 habita
970 707 1207 778 demonstravit,
1240 710 1314 767 nibil
1334 710 1413 767 alind

0 847 1 850 Ἴ
59 794 179 840 contra
196 793 327 839 vestrum
342 782 435 838 otium
449 783 559 856 partior
574 784 646 840 iniri
655 802 728 859 par·
757 783 812 839 bac
838 782 903 857 lege
928 784 1049 856 agraria
1076 785 1186 859 agitari
1210 794 1241 840 et
1260 787 1326 860 agi,
1355 785 1416 842 nisi

58 861 124 914 tim
151 856 240 915 nobis
267 861 347 914 coss.
369 857 534 933 designetis
561 860 633 916 inita
661 875 726 915 esse
756 866 790 912 nt
816 857 918 914 decem
944 876 1031 933 reges
1051 860 1179 928 aerarii,
1209 859 1413 935 vectigalium,

60 931 259 991 dicebantur.
285 931 411 990 Sublata
431 942 496 989 erat
510 933 545 989 de
559 936 628 990 foro
640 933 726 999 fides,
757 934 984 1009 provinciarum
994 937 1139 1000 omnium,
1155 935 1247 992 totins
1261 939 1306 994 rei
1315 935 1415 1011 publi·
1488 946 1491 951 ⁴

58 1029 132 1067 mon
151 1012 214 1065 ictu
234 1007 334 1085 aliquo
355 1025 451 1069 novae
465 1008 654 1076 calamitatis,
676 1007 727 1065 sed
757 1027 821 1073 cae,
843 1027 1017 1083 regnorum,
1030 1008 1205 1068 ‘liberorum
1223 1013 1415 1087 populorum,

58 1086 243 1159 suspicione
254 1103 289 1140 ac
300 1082 527 1159 perturbatione
538 1085 728 1151 iudiciorum,
757 1083 841 1141 orbis
867 1085 995 1161 denique
1021 1093 1172 1143 terrarum
1199 1085 1314 1145 domini
1340 1104 1415 1145 con·

0 1158 1 1165 '
60 1159 273 1218 infirmatione
299 1178 402 1216 rerum
424 1160 643 1229 iudicatnrnru;
672 1179 729 1216 no·
757 1162 954 1217 stituerentnr
973 1161 1048 1238 legis
1066 1164 1205 1237 agrariae
1225 1162 1415 1220 simulatione

59 1254 125 1293 vae
147 1235 377 1303 dominationes,
400 1236 642 1293 extraordinaria
664 1255 725 1292 non
757 1245 846 1311 atque
866 1236 999 1293 nomine.
1028 1235 1064 1294 ln
1083 1239 1172 1294 tertia
1192 1239 1416 1297 annonarum

59 1312 196 1387 imperia
216 1309 269 1367 sed
288 1310 380 1387 regna
395 1312 501 1386 quaeri
514 1310 727 1387 putabantur.“
757 1312 794 1367 ad
814 1311 956 1386 populum
976 1310 1076 1369 habita
1090 1311 1199 1377 Cicero
1216 1311 1351 1371 breviter
1364 1331 1417 1371 ca-

1 1449 3 1478 ,
60 1389 104 1445 de
128 1387 194 1462 lege
215 1405 279 1462 agr.
302 1394 336 1455 2,
358 1391 392 1454 5,
413 1395 440 1447 8.
466 1416 497 1428 -
526 1388 652 1466 „Atque
672 1405 728 1462 ego
756 1386 900 1444 lumniam
929 1387 1057 1456 refutat,
1088 1407 1146 1464 qua
1175 1386 1416 1465 tribuniplebis
1521 1406 1524 1433 ι

59 1463 105 1520 de
120 1463 257 1519 Antonio
276 1462 417 1539 (collega)
438 1462 512 1518 nihil
525 1464 593 1519 dico
606 1474 729 1539 praeter
757 1464 875 1520 animos
894 1480 1042 1539 auresque
1055 1463 1159 1539 populi
1174 1464 1411 1540 compleverant,

0 1605 1 1610 ἵ
60 1557 182 1596 unum:
213 1556 366 1615 nunquam
387 1538 521 1594 illumin
542 1537 728 1601 illosummo
758 1555 826 1593 eum
846 1538 982 1595 dicerent
996 1538 1175 1596 Ciceronem
1193 1537 1416 1614 gratificantem

61 1617 179 1671 timore
206 1632 241 1671 ac
261 1613 397 1687 periculo
424 1631 520 1689 neque
541 1632 728 1670 communem
759 1612 951 1670 Sullanarum
972 1615 1212 1687 assignationum
1227 1619 1416 1690 possessori-

1 1753 3 1762 ,
62 1700 182 1747 rnetnm
202 1692 334 1747 omnium
357 1708 454 1765 neque
474 1692 630 1764 propriam
653 1708 729 1746 nou·
758 1688 813 1745 bus
833 1690 971 1765 agrariae
991 1689 1050 1765 legi
1074 1701 1104 1745 et
1129 1692 1295 1748 commodis
1319 1690 1416 1767 plebis

62 1766 224 1823 nullorum
244 1765 281 1820 de
301 1766 368 1841 ipso
388 1766 591 1839 suspicionem
612 1776 662 1822 aut
681 1767 728 1822 iu·
758 1762 917 1821 obsistere.
958 1764 1003 1820 lta
1019 1765 1132 1823 Cicero
1152 1766 1288 1841 perfecit,
1314 1777 1348 1822 ιιι
1366 1766 1417 1823 lex

7 1856 10 1863 ¹
62 1840 197 1901 fitiando
208 1840 379 1896 tollereaut
393 1839 609 1898 dissimulando
619 1840 728 1897 sedare
758 1842 879 1915 agraria
908 1859 925 1897 a
952 1840 1040 1897 Rullo
1070 1842 1258 1916 promulgata
1285 1842 1417 1915 perferri

6 1916 11 1943 ²
63 1914 232 1975 voluisse.”
257 1946 295 1959 —
320 1916 425 1993 ltaque
452 1916 560 1973 Cicero
588 1935 655 1972 eum
681 1919 729 1973 iu·
759 1934 820 1971 aon
850 1924 968 1990 posset,
1002 1917 1113 1992 quippe
1143 1934 1210 1974 cum
1240 1916 1349 1974 Cicero
1376 1917 1414 1975 L.

4 1986 11 2017 ³
63 1993 224 2125 dulgentia
244 1991 372 2068 quadam
393 2010 464 2048 osus
482 1992 523 2046 ita
537 1993 680 2048 sustinuit
694 2011 729 2047 ac
758 1990 900 2055 Caecilio,
916 2001 949 2047 ut
961 1991 1104 2065 buiclegi
1117 1992 1328 2058 intercederet,
1343 2011 1417 2068 per·

2 2150 6 2163 ”
62 2143 221 2221 publicam
241 2145 305 2218 ipse
322 2142 435 2199 moliri.
470 2161 527 2218 pro
541 2143 641 2199 Sestio
655 2147 683 2210 ὅ,
700 2152 727 2203 8·
758 2152 828 2215 post
847 2160 914 2197 curn
934 2141 971 2198 L.
989 2142 1118 2200 Roscius
1139 2142 1219 2200 Otho
1239 2142 1312 2201 trib.
1327 2144 1368 2219 pl.
1385 2164 1414 2202 a.

0 2235 2 2250 ’
64 2251 105 2265 -
128 2221 192 2277 laur
208 2238 289 2276 anno
307 2220 464 2294 superiore
482 2237 510 2273 a.
522 2237 552 2274 ιι.
566 2237 592 2275 e.
606 2224 671 2277 690.
693 2218 727 2275 P.
757 2220 912 2279 u.e.687.
932 2218 1027 2293 legem
1044 2218 1183 2286 tulisset,
1215 2221 1416 2277 uaaaucitum

0 2313 1 2320 ¹
64 2294 219 2355 Servilius
239 2294 345 2352 Rullus
371 2292 443 2351 trib.
467 2292 562 2369 plebia
589 2312 658 2350 cnm
677 2293 729 2349 IV.
759 2300 820 2360 eat,
842 2294 886 2349 'ne
912 2296 979 2369 quis
1000 2296 1031 2349 in
1052 2239 1293 2370 quattuordecim
1312 2296 1417 2372 gradi-

7 2376 12 2405 ⁵
63 2371 112 2429 ld.
130 2371 204 2427 Dee.
218 2372 427 2445 magistratum
442 2369 571 2435 iniisset,
594 2370 730 2445 promul·
759 2369 813 2423 bus
831 2369 1017 2435 orchestrae,
1038 2372 1070 2425 in
1085 2389 1143 2447 qua
1156 2381 1314 2426 senatores
1328 2371 1416 2429 sede-

1 2448 10 2479 '²
64 2456 195 2524 generat
218 2446 315 2520 legem
336 2448 502 2521 agrariam,
530 2456 564 2501 nt
588 2443 728 2503 tribunus
758 2442 842 2510 bant,
865 2446 1012 2519 proximis
1030 2444 1159 2511 sederet,
1181 2447 1241 2503 nisi
1259 2447 1310 2521 qui
1324 2464 1415 2523 eques

0 2528 1 2531 ’
65 2522 168 2599 plebis
189 2523 240 2598 qui
260 2539 325 2577 eam
338 2521 434 2596 legem
445 2520 550 2578 tulerit
563 2540 618 2595 per
632 2520 728 2578 XVIl.
758 2529 787 2575 et
814 2521 946 2595 equestri
972 2519 1065 2577 censu
1091 2532 1187 2586 esset,
1217 2531 1247 2578 et
1267 2519 1416 2579 Cicerone

4 2659 7 2669 ,
64 2597 169 2655 tribus
195 2597 381 2654 decemviros
408 2605 528 2653 crearet
550 2600 631 2671 agris
652 2597 729 2653 divi·
758 2594 881 2654 consule
907 2594 993 2670 plebs
1013 2596 1155 2652 Roscium
1180 2599 1212 2653 in
1231 2597 1349 2655 tbeatro
1372 2599 1416 2653 si-

1 2704 9 2713 =·
66 2671 194 2740 dundis,
216 2671 325 2748 quibus
345 2674 377 2729 in
392 2674 520 2729 comitiis
533 2674 659 2729 curiatis
673 2674 728 2728 tri·
759 2671 826 2728 bilis
854 2671 998 2727 insectata
1028 2681 1127 2739 esset,
1157 2671 1265 2730 Cicero
1291 2690 1357 2728 eam
1384 2672 1416 2729 iu

4 2744 7 2755 ’
66 2748 217 2807 bueretur
236 2750 394 2822 imperinm
410 2748 558 2813 militare;
579 2756 613 2803 ut
624 2747 730 2806 liceret
759 2748 861 2803 aedem
891 2745 1034 2804 Bellonae
1066 2758 1222 2805 evocatam
1251 2748 1415 2817 initiavit,

0 2858 1 2861 ι
67 2827 117 2882 eia
138 2824 267 2882 rendere
287 2828 400 2890 omnia,
422 2822 580 2901 dequibus
594 2823 728 2880 renden-
758 2821 926 2898 effecitque,
947 2832 981 2881 ut
1000 2821 1084 2897 plebs
1106 2819 1290 2881 notatam‘se
1326 2825 1416 2880 iscri-

143 2077 244 2124 eratus
266 2075 323 2135 est,
345 2067 468 2142 nequid
483 2066 606 2123 auderet
621 2069 651 2124 iu
666 2085 728 2123 rem
758 2068 912 2123 suasisset.
951 2084 1007 2141 pro
1021 2066 1105 2124 Sulla
1125 2073 1172 2134 23,
1187 2071 1235 2127 65.
1253 2100 1290 2113 -
1309 2067 1416 2129 Paullo
1532 2132 1537 2143 ,

67 2902 121 2958 dis
141 2898 220 2957 SCta
246 2900 325 2957 lacta
351 2902 413 2956 sint
432 2900 475 2957 ill.
497 2899 597 2956 Tullio
616 2899 729 2956 Deculo
758 2901 838 2955 mine
852 2897 932 2954 sedis
945 2915 1041 2974 aequo
1054 2900 1154 2955 anieno
1166 2901 1270 2958 ferret.
1299 2898 1415 2956 Deinde
1524 2960 1533 2969 .

4 2986 10 3021 ν’
67 2976 289 3036 Cn.Cornelio
309 2974 462 3032 Dolabella
483 2994 562 3032 coss.
584 2978 625 3051 (a.
646 2994 677 3031 u.
698 2994 727 3032 c.
759 2973 982 3041 babuitillam,
1010 2991 1087 3050 qnae
1107 2985 1222 3042 exstat,
1252 2974 1305 3032 a'ed
1325 2977 1417 3033 muti-

0 3088 1 3091 =
66 3051 155 3127 675.)
182 3054 292 3128 quique
319 3053 401 3127 egri,
435 3070 511 3126 quae
538 3051 621 3117 lora,
653 3069 729 3126 quae
758 3051 836 3114 lata,
866 3051 1035 3105 orationem
1060 3068 1117 3123 pro
1142 3051 1174 3109 C.
1195 3050 1319 3109 Rabirio
1346 3069 1416 3125 per-

66 3126 230 3185 aedificata
257 3126 377 3183 aliudne
401 3129 471 3204 quid
495 3139 582 3183 extra
601 3126 727 3190 Italiam,
758 3126 917 3183 duellionis
943 3143 1006 3181 reo.
1045 3124 1149 3183 Pison.
1175 3134 1211 3194 2,
1236 3133 1264 3186 t.
1293 3126 1415 3203 quade

0 3236 2 3245 ·
66 3203 154 3281 quod
172 3201 324 3279 publicum
348 3203 453 3277 populi
472 3200 598 3259 Rauraci
618 3204 730 3259 lactum
758 3220 848 3259 causa
869 3199 931 3256 vid.
948 3198 1103 3257 Onomast.
1120 3220 1190 3259 s.v.
1206 3203 1413 3262 stillaturam.

67 3282 114 3337 ait
131 3297 158 3333 a.
175 3296 203 3334 ιι.
219 3297 246 3335 c.
267 3281 333 3339 666.
351 3289 404 3335 ant
420 3289 545 3353 ⁴postea3
574 3289 606 3334 ut
625 3278 731 3335 liceret
761 3307 792 3319 -
815 3278 894 3335 Τιιιιι
915 3293 982 3332 cnm
1003 3277 1074 3333 olim
1087 3276 1170 3334 Sulla
1190 3277 1320 3336 dictator
1341 3297 1417 3353 pro·

67 3357 118 3412 eis
137 3354 294 3429 vectigalia
315 3357 346 3408 in
367 3353 432 3430 lege
447 3356 598 3411 nominata
612 3373 729 3409 omnes·
758 3354 943 3427 scriptorum
976 3348 1055 3409 lilios
1084 3352 1150 3427 lege
1181 3353 1241 3410 lata
1270 3352 1418 3429 petendo·

88 3448 130 3486 ue
151 3448 241 3505 agros
261 3426 397 3502 publicos
419 3442 504 3485 extra
525 3429 641 3485 ltaliam
659 3448 732 3485 veu—
758 3448 827 3485 rum
853 3429 1002 3484 bonorum
1030 3428 1096 3483 lure
1124 3430 1292 3502 privasset,
1327 3429 1416 3505 bique

1 3551 2 3558 ,
66 3451 161 3574 dere,
191 3515 242 3561 aut
261 3505 297 3561 iis
318 3504 447 3579 vectigal
465 3506 639 3578 imponere,
661 3522 729 3560 cnm
759 3505 933 3578 petiissent,
965 3514 999 3559 ιιι
1024 3501 1089 3577 lege
1115 3503 1167 3573 illa
1194 3503 1335 3561 Cornelia
1361 3502 1417 3560 ab·

0 3622 1 3629 ,
66 3582 130 3639 bac
148 3590 248 3636 tamen
268 3581 455 3654 exceptione,
478 3598 514 3634 ne
530 3579 660 3653 vectigal
673 3580 730 3634 im·
758 3589 863 3654 rogata
896 3578 1153 3651 capessendorum
1182 3579 1330 3636 bonorum
1357 3578 1416 3637 sibi

1 3686 2 3695 ι
66 3665 238 3734 poneretur
258 3674 332 3724 agro
352 3659 382 3711 in
398 3652 503 3711 Sicilia
518 3652 728 3721 Recentorico,
759 3663 892 3728 potestas
906 3650 1002 3719 lieret,
1025 3652 1134 3710 Cicero
1147 3656 1284 3711 oratioue
1300 3652 1413 3721 babila,

66 3750 150 3790 neve
175 3733 196 3788 ii
221 3732 289 3805 agri
316 3729 539 3797 venderentur,
569 3727 731 3805 dequibus
760 3738 793 3784 ιιι
811 3733 853 3785 ait
872 3730 904 3784 iu
925 3737 1003 3783 orat.
1025 3731 1056 3784 in
1071 3728 1210 3787 Pisonem
1230 3738 1259 3797 2,
1275 3731 1317 3796 lu,
1343 3729 1417 3787 edo·

0 3852 2 3855 -
67 3806 194 3866 foedere
223 3816 343 3862 cantum
369 3816 464 3870 esset,
493 3816 522 3860 et
545 3815 578 3859 nt
597 3803 730 3879 cognitio
759 3803 907 3860 lesceutes
927 3801 1023 3859 bonos
1044 3815 1073 3861 et
1092 3805 1197 3871 fortes,
1219 3805 1271 3861 sed
1291 3824 1363 3863 usos
1380 3822 1415 3862 ea

1 3911 3 3940 ι
68 3884 277 3941 decemvirum
297 3883 353 3949 sit,
377 3883 429 3958 qui
446 3877 576 3955 publici,
595 3882 647 3955 qui
667 3880 732 3954 pri·
760 3878 940 3938 condicione
954 3879 1103 3946 fortunae,
1125 3890 1168 3946 ut,
1189 3882 1216 3937 ai
1230 3889 1333 3938 essent
1352 3899 1417 3937 ma·

1 3985 3 4014 t
68 3963 153 4025 nati3
184 3969 235 4025 nt,
269 3976 358 4033 quam
384 3960 543 4032 pecuniam
568 3954 742 4013 decemviri
759 3959 903 4032 gistratos
923 3954 1041 4030 adepti,
1072 3957 1118 4014 rei
1143 3954 1281 4032 publicae
1306 3968 1416 4014 sutum

69 4030 736 4187 iii⁸li³iiiz.{i.l‘‘iila‘ss‘ilriiiiii}-
760 4030 1417 4185 ttltlittldttttgrtu{stulttia

357 4152 365 4177 t
497 4148 505 4175 l
985 4149 988 4155 '

72 4186 197 4256 vellent,
219 4195 363 4252 emerent,
389 4184 550 4243 ebionitis
571 4182 645 4240 nihil
665 4194 732 4239 tau·
761 4185 877 4240 ratione
897 4181 1039 4257 privarit.
1069 4182 1417 4242 Haecorationounaa-

1 4293 3 4316 ι
71 4274 199 4339 gerent,
219 4280 272 4319 eos
290 4272 388 4317 autem
402 4279 493 4337 agros
507 4263 538 4318 in
552 4259 638 4317 Italia
652 4276 733 4314 eme-
760 4261 807 4334 gis
827 4268 925 4315 exstat
944 4276 1032 4333 quam
1052 4259 1118 4325 illa,
1147 4279 1206 4337 qua
1225 4261 1417 4335 provinciana

72 4349 160 4406 rent,
181 4340 233 4415 qui
252 4338 334 4394 arari
353 4346 384 4391 et
402 4336 460 4393 coli
480 4346 621 4411 possent;
650 4344 682 4391 et
700 4344 733 4390 nt
761 4338 792 4391 in
821 4337 963 4391 contione
993 4332 1143 4408 deposuit.
1172 4364 1206 4381 ··
1235 4334 1310 4393 Cum
1335 4337 1415 4393 euim

73 4432 151 4492 quae
174 4417 206 4470 in
226 4413 407 4486 municipia,
434 4428 567 4488 quasque
590 4412 622 4467 in
649 4410 733 4467 colo·
760 4408 1417 4486 senatusconsulibualegeSeraproniepro·

74 4491 143 4548 uisa
158 4488 280 4554 uellent,
303 4487 427 4544 colonos
447 4505 522 4562 quos
536 4486 656 4553 vellent,
678 4484 733 4542 de·
760 4487 878 4542 vincias
894 4484 1294 4543 decrevissetlllacedoniam
1308 4486 1418 4544 etGal-

75 4565 238 4632 ducerent,
270 4564 367 4638 iisque
400 4579 490 4637 agros
522 4563 730 4637 assignarent,
760 4562 830 4618 liam
849 4559 1052 4634 Cisalpinam,
1074 4572 1105 4616 et
1124 4560 1205 4617 illam
1225 4561 1344 4638 quidem
1362 4562 1415 4620 ct-

77 4638 186 4719 qnibna
206 4643 236 4697 iu
255 4638 333 4695 locis
354 4636 474 4704 vellent,
498 4648 527 4693 et
546 4645 579 4693 nt
598 4636 732 4712 Capuam
761 4654 851 4702 cero,
881 4636 958 4692 banc
988 4635 1141 4692 Antonias
1170 4639 1294 4695 sordens
1323 4649 1414 4704 esset,

77 4720 109 4776 in
128 4718 278 4774 coloniam
297 4712 481 4769 deducerent
499 4714 630 4788 quinque
649 4713 733 4770 colo·
760 4713 870 4771 Cicero
883 4711 1017 4768 Antonio
1030 4710 1238 4769 Macedoniam
1253 4715 1415 4779 concessit,

77 4810 185 4849 norum
206 4790 286 4849 anilia
307 4789 403 4865 iisque
428 4798 458 4844 et
477 4806 584 4863 agrum
604 4787 733 4863 Campa·
761 4790 826 4863 ipae
846 4786 973 4845 Galliam
994 4788 1128 4861 aceepit,
1150 4787 1204 4845 sed
1222 4790 1300 4846 banc
1319 4792 1417 4865 ipsam
1457 4790 1470 4801 ”

79 4887 150 4925 nam
164 4880 193 4925 et
208 4864 361 4924 Stellatem
374 4881 479 4939 agrum
494 4863 664 4921 dividerent
677 4875 732 4920 cet.
761 4864 792 4920 in
813 4862 953 4921 contione
973 4861 1121 4937 deposuit.
1141 4890 1178 4906 -
1198 4864 1277 4921 Tum
1295 4884 1364 4922 cuna
1376 4863 1414 4923 1..

80 4943 165 5001 Hanc
175 4941 257 5001 Rulli
269 4941 365 5017 legem
378 4940 528 5011 agrariam
541 4938 650 4997 Cicero
659 4958 731 4997 con·
761 4939 886 5014 Sergius
906 4938 1047 5006 Catilina,
1068 4948 1102 4994 ut
1120 4940 1152 4995 ia
1169 4943 1341 5013 proximum
1360 4958 1426 5015 an·-

83 5019 128 5078 ιιι
146 5022 277 5098 prirurm
294 5019 328 5077 in
346 5025 453 5074 senatu
464 5014 608 5075 dissuasit
620 5014 734 5075 Kalou-
760 5034 835 5075 num
854 5015 960 5075 cousal
978 5014 1199 5094 designaretur,
1221 5017 1313 5077 malta
1326 5014 1416 5079 malie
