3278 5594
409 414 940 531 osnavnioscmoio.
1283 438 1344 514 su

18 588 132 649 ronsnle
153 609 181 646 a.
197 607 227 646 ιι.
245 609 273 647 c.
291 588 356 651 609.
377 588 538 648 advorsum
559 591 662 649 Gallos
693 623 729 636 -
750 590 789 664 Q.
811 590 958 649 Servilius
979 589 1109 665 Caepio,
1141 588 1280 647 inimicus
1301 588 1345 647 M.

18 667 277 742 nalepugnatum.
318 664 381 723 Sal.
401 665 466 742 Ing.
481 671 546 725 tit.
569 695 603 712 ··
623 666 661 741 Q.
693 667 815 724 Aemilii
828 665 948 733 Scauri,
970 668 1262 742 principissenatus,
1278 684 1346 722 cum
1394 668 1396 674 '

18 742 155 801 Servilius
199 741 311 817 Caepio
357 745 521 799 exercituin
564 745 665 800 amisit
693 761 760 799 eum
778 751 966 805 accusasset,
990 740 1345 811 aSeaurocoactusest,

18 817 151 874 adversus
163 815 302 875 Cimbros
316 835 454 894 pugnans
467 838 494 875 a.
510 836 540 875 n.
555 837 582 875 c.
597 819 663 878 619.
692 827 724 873 ut
744 820 809 893 ipse
829 819 916 893 prior
943 835 1066 874 causam
1086 817 1211 874 diceret.
1234 818 1349 875 Aaron.
1390 832 1394 839 ¹

18 893 44 949 le
57 892 110 950 Or.
126 898 155 961 2,
171 896 219 958 28,
234 893 299 952 121.
317 923 349 937 -
372 893 408 949 Ei
425 895 571 969 populns,
594 895 663 970 qnia
694 896 723 949 in
736 892 844 950 Scanr.
861 913 892 980 p.
907 901 952 953 21.
969 924 1000 934 -
1024 891 1061 966 Q.
1073 891 1221 950 Servilius
1235 892 1347 968 Caepio
1432 900 1436 911 ’

18 968 84 1025 nale
105 967 250 1025 adversus
271 966 410 1026 Cimbros
430 988 494 1026 rent
517 978 663 1045 gesserat,
693 968 735 1025 M.
758 968 920 1025 Aemilium
950 967 1097 1025 Scaurum
1125 979 1242 1045 patrem
1262 986 1349 1025 reum

21 1064 46 1100 m
70 1047 165 1100 arium
184 1041 353 1115 abrogavit.
389 1046 505 1103 Aaron.
541 1044 664 1102 inCor-
693 1045 763 1101 lecit
789 1046 852 1120 lege
879 1044 1007 1102 Servilia
1034 1044 1106 1113 (lata
1127 1064 1143 1099 a
1164 1044 1197 1102 C.
1215 1041 1348 1100 Servilio

18 1064 68 1176 aei
85 1139 115 1195 p.
131 1127 178 1179 78.
200 1149 237 1162 -
256 1119 330 1176 Eius
351 1119 486 1177 delensio
507 1121 544 1177 ad
566 1118 664 1177 tribu·
694 1120 819 1176 Glaucia
840 1130 1028 1196 praetcrea.
1053 1138 1083 1176 u.
1108 1119 1251 1191 c.,65t.).
1292 1136 1347 1194 pro

18 1215 63 1252 uos
83 1196 123 1271 pl.
144 1194 180 1252 de
207 1197 369 1252 amissione
395 1198 556 1253 exercitus.
590 1194 663 1252 Her.
694 1194 811 1252 Scauro
828 1205 852 1263 t,
865 1204 893 1253 2.
925 1193 1039 1261 thina,
1055 1196 1141 1254 libb.
1164 1225 1202 1240 -
1222 1193 1260 1266 Q.
1274 1194 1349 1251 Ser·

18 1280 36 1337 t,
50 1274 94 1338 tlt,
110 1275 158 1329 21.
180 1297 213 1314 ·-
234 1270 293 1329 Cae
316 1269 559 1328 ioturbnlentius
573 1290 664 1328 aceu-
694 1272 782 1328 vilius
794 1271 917 1347 Caepio,
938 1269 1078 1328 inimicus
1100 1269 1141 1328 M.
1154 1269 1234 1327 Livii
1245 1270 1348 1339 Drusi,

18 1355 91 1403 tatus
112 1345 177 1403 aC.
195 1344 283 1404 Vibio
327 1345 452 1404 orbano.
481 1348 661 1413 Panassa,
692 1345 808 1404 tribuni
827 1346 867 1423 pl.
881 1366 908 1402 a.
922 1364 952 1402 u.
966 1365 992 1402 c.
1006 1352 1073 1410 663.
1111 1346 1347 1414 Prodomoltti,

18 1426 72 1481 105.
96 1452 133 1467 -·
161 1421 199 1494 Q.
228 1421 339 1498 Caepio
367 1431 524 1479 accusatus
546 1442 561 1477 a
582 1421 664 1479 Nor·
694 1430 757 1482 120.
781 1453 811 1465 -
843 1421 927 1480 Bello
948 1421 1080 1479 Marsico
1103 1424 1194 1497 periit
1214 1442 1241 1478 a.
1266 1440 1296 1477 u.
1318 1439 1346 1478 c.

18 1516 107 1554 sano:
135 1496 273 1553 laudatus
294 1497 367 1554 a'L.
390 1497 502 1555 Crasso
521 1507 661 1564 oratore,
691 1498 902 1557 sss.-Avos
916 1497 951 1554 L.
963 1496 1082 1554 Luculli
1095 1500 1191 1572 pueri.
1211 1497 1346 1554 deFinn.

18 1590 79 1629 :nnc
104 1571 230 1629 consule
257 1592 282 1628 a.
307 1593 335 1630 ιι.
355 1592 382 1629 c.
401 1578 467 1634 659.
506 1572 593 1631 Brut.
616 1575 662 1639 llll,
693 1574 721 1638 5,
745 1579 773 1640 2,
796 1582 823 1633 8.
849 1603 880 1614 ·-
901 1572 1047 1629 Nonnulli
1065 1575 1145 1630 bunc
1165 1573 1349 1649 Caepionem

18 1655 73 1707 182.
94 1678 132 1692 -
159 1647 328 1705 Crudelitas
348 1646 512 1706 tribunicia
532 1651 563 1706 in
584 1648 662 1706 Cae·
694 1667 749 1724 pro
769 1646 831 1705 lilio
852 1649 985 1705 consulis
1005 1667 1035 1704 a.
1051 1667 1081 1704 u.
1095 1666 1122 1705 c.
1136 1649 1201 1709 ets.
1224 1648 1347 1717 babent,

18 1725 104 1781 rionis
115 1726 203 1799 gravi
213 1722 437 1802 miserabilique
448 1742 530 1781 casu.
558 1723 594 1781 de
606 1723 661 1781 Or.
692 1723 746 1780 sed
765 1733 812 1780 est
829 1742 936 1799 parum
957 1721 1134 1800 probabile,
1158 1725 1273 1781 borraioi
1293 1743 1350 1780 an-

18 1806 35 1865 t,
50 1802 96 1865 17,
116 1802 223 1857 197.-
246 1798 282 1854 L.
299 1801 449 1857 Antistius
462 1800 595 1875 Reginus
611 1802 664 1855 tri·
694 1818 749 1855 nos
769 1801 893 1856 circiter
914 1803 960 1859 18.
991 1809 1062 1855 nato
1082 1809 1152 1876 post
1170 1802 1349 1857 sexennium

18 1892 102 1931 »unus
121 1875 167 1950 pl.
181 1873 362 2007 Caepionem
374 1877 405 1932 in
419 1894 573 1932 carcerem
588 1894 664 1931 con·
693 1871 785 1931 filium
805 1875 898 1931 inisse
918 1876 1126 1932 tricenarium.
1168 1875 1257 1934 Certe
1268 1862 1349 1932 lono

18 1954 134 2016 lectum,
177 1969 236 2025 qno
287 1950 366 2008 illius
393 1950 482 2027 culpa
511 1953 662 2007 exercitus
694 1951 799 2006 aetatis
837 1953 982 2026 vigesimo
1015 1970 1082 2007 enin
1112 1952 1265 2029 generarit
1294 1969 1351 2007 ne·
1412 2008 1417 2023 ,

18 2038 112 2082 noster
131 2047 147 2081 a
168 2024 298 2083 Cimbris
319 2035 349 2083 et
369 2027 514 2083 Teutonis
536 2023 663 2083 videba-
693 2044 776 2084 cesse
788 2036 889 2082 est.¹-
908 2026 970 2097 „De
983 2026 1072 2083 Pion.
1088 2031 1117 2094 5,
1133 2035 1163 2096 2,
1178 2032 1207 2086 8.
1237 2026 1273 2084 de
1286 2025 1350 2085 illio

18 2101 204 2168 turdelam,
228 2103 338 2159 veteris
353 2112 495 2178 artaeque
516 2102 664 2159 amicitiae
693 2100 832 2158 Lucullis
873 2121 1038 2174 quamquam
1065 2102 1117 2157 hoo
1147 2104 1255 2175 paridem
1277 2122 1350 2176 pro-

18 2196 138 2244 memor,
183 2175 301 2252 publica
334 2177 470 2234 custodia
503 2176 661 2245 liberarit,
690 2183 882 2248 prioratuum
901 2196 1000 2230 meinos
1019 2188 1063 2231 est
1082 2178 1248 2248 (Catonem
1273 2178 1350 2236 allo·

18 2271 63 2308 nec
84 2255 229 2310 hactenus
250 2255 378 2309 amicum
393 2256 490 2327 egisse
505 2264 663 2310 contentus
714 2251 830 2325 uitur),
861 2262 892 2305 nt
912 2264 940 2305 et
965 2262 1045 2324 patri
1065 2253 1119 2327 (L.
1145 2253 1288 2323 Lucullo)
1321 2262 1351 2307 at

17 2331 94 2385 etiam
113 2330 203 2405 fugae
225 2329 289 2385 eius
310 2347 410 2385 conies
431 2331 554 2386 exstitit.
595 2328 661 2385 vat.
693 2273 827 2399 Caepioni·
840 2338 940 2381 nostro
959 2330 1008 2402 (b.
1025 2348 1050 2385 e.
1065 2330 1107 2386 M.
1122 2329 1237 2404 Bruto)
1257 2339 1286 2383 et
1299 2330 1351 2383 tibi

18 2404 86 2460 Max.
100 2404 128 2471 ll,
144 2411 214 2469 7,5.
244 2403 307 2461 Cir.
321 2404 446 2461 eundem
459 2410 488 2472 6,
500 2411 529 2470 9,
549 2408 592 2464 13.
614 2404 665 2461 Iu·
692 2413 752 2457 torn
780 2410 938 2475 propinquo
965 2406 1133 2477 respondeat
1167 2406 1250 2473 (scil.
1279 2408 1350 2483 quitt

18 2481 138 2547 stium,
159 2484 186 2540 3.
216 2479 331 2536 Gellius
344 2480 384 2536 N.
400 2480 437 2536 A.
451 2487 481 2545 5,
498 2487 544 2540 10.
570 2511 599 2522 -
623 2479 661 2551 Q.
694 2478 768 2536 Cato
795 2488 861 2536 erat
887 2479 981 2536 irater
1007 2478 1156 2538 Serviliae
1182 2483 1285 2538 uxoris
1310 2480 1347 2538 L.

18 2553 127 2630 Caepio,
152 2557 321 2622 damnatus,
342 2555 411 2611 exul
426 2556 574 2629 Smyrnae
588 2556 663 2611 risit
693 2554 830 2621 Luculli,
859 2555 985 2632 ideoque
1005 2558 1170 2613 avunculus
1191 2558 1255 2614 eius
1276 2553 1348 2625 filii,

18 2633 128 2708 eiusque
150 2634 283 2689 civitatis
303 2631 400 2687 iactus
421 2642 466 2687 est
491 2632 577 2688 civis.
606 2650 663 2761 pro
694 2648 781 2707 quem
801 2639 887 2705 pater
907 2633 1042 2687 moriens
1064 2634 1094 2687 in
1113 2631 1236 2689 Catonis
1258 2631 1350 2688 tutela

18 2705 100 2764 Balbo
122 2715 177 2773 11,
200 2715 248 2768 28.
273 2735 304 2747 -
338 2706 500 2762 Prudentia
521 2709 587 2781 ipsa
627 2725 663 2762 oc
693 2723 758 2761 esse
779 2706 940 2775 voluerat.)
970 2706 1083 2761 Laboro
1095 2717 1190 2761 autem
1211 2727 1267 2761 non
1289 2712 1350 2759 sina

18 2784 104 2847 tillet,
138 2801 203 2838 nun
223 2799 332 2837 omnes
360 2780 455 2838 bonus
482 2800 547 2838 esse
574 2781 662 2837 eliam
693 2800 796 2843 εαιιια,
815 2800 882 2834 nam
902 2788 1067 2834 cervisias
1086 2790 1221 2836 memorio
1235 2801 1350 2836 moveor

19 2868 107 2929 tentos
116 2878 123 2928 ;
140 2857 294 2934 trinitaque
306 2855 522 2925 deM.Attilio‚
539 2857 576 2929 Q
590 2855 663 2913 Cae·
694 2862 755 2923 (nec
779 2862 852 2909 enim
873 2863 994 2927 ignoras
1012 2865 1113 2929 peronii
1130 2859 1257 2930 fecerim
1281 2860 1350 2913 Cae-

19 2934 110 3001 dunt,
132 2933 190 2990 Μ’.
205 2933 328 3010 Aquilio
350 2935 538 2991 recordatur.
569 2932 661 2989 Tnsc.
690 2937 817 3003 pionem,
839 2939 896 3003 qni,
912 2942 945 2986 nt
957 2938 1050 3004 opinio
1063 2933 1212 3006 monfort,
1228 2942 1258 2988 in
1269 2940 1350 3005 prin·

19 3013 36 3077 i,
50 3016 77 3078 5,
93 3011 138 3068 111,
693 3009 798 3081 cipibus
818 3014 876 3060 iam
899 3018 989 3075 asset,
1009 3015 1035 3061 si
1053 3016 1183 3078 viveret,
1204 3020 1233 3063 et
1250 3011 1350 3065 Latoid-

142 3142 147 3151 .
693 3084 737 3155 Ins
752 3083 962 3136 mlhiversotnr
975 3094 1042 3137 onte
1055 3083 1175 3161 oculos.)
1212 3085 1270 3143 Hir
1286 3087 1351 3163 pri·

45 3158 79 3232 Q.
90 3158 253 3218 Sensimus
273 3159 388 3218 Cssrro
409 3170 552 3237 quaestor
573 3155 664 3215 urba·
695 3177 774 3214 nrum
794 3158 867 3216 illud
887 3178 1013 3229 moneo,
1036 3159 1128 3218 rerba
1148 3164 1282 3233 Caepioni
1298 3181 1370 3237 no-¹

19 3252 62 3289 ius
81 3239 319 3295 a.u.c.65't.-
343 3234 415 3293 Cum
431 3236 467 3291 L.
482 3233 664 3292 Saturninus
694 3244 755 3287 stro
776 3253 836 3293 non
857 3252 923 3291 esse
944 3236 980 3292 de
1009 3234 1068 3292 alio
1088 3237 1239 3314 Caepione
1282 3256 1351 3295 uam

21 3329 99 3384 egem
124 3312 356 3368 frumentariam
384 3311 420 3368 de
441 3309 616 3368 semissibus
636 3321 666 3365 et
695 3310 731 3365 de
752 3309 795 3366 M.
820 3308 933 3378 Bruto,
966 3314 1015 3388 qni
1041 3315 1162 3369 saeuius
1182 3257 1351 3388 appeiiatur

19 3386 168 3443 :cientibus
196 3387 312 3443 laturus
339 3398 434 3453 esset,
470 3386 508 3458 Q.
533 3386 664 3462 Caepio,
695 3388 730 3456 Q.
760 3387 863 3458 Caepio
882 3386 1008 3453 Brutus.
1031 3388 1235 3462 inteligendo
1276 3388 1352 3451 Erat

19 3462 59 3591 pai
78 3462 106 3519 id
126 3465 274 3536 temporis
285 3473 426 3539 quaestor
437 3460 572 3518 urbanus
586 3470 662 3528 erat,
696 3463 774 3516 enim
784 3463 942 3536 adoptatus
956 3482 972 3518 a
987 3461 1025 3534 Q.
1044 3462 1174 3521 Seruilio
1186 3465 1351 3540 Caepione,

31 3541 109 3593 ocuit
119 3549 258 3594 senatum
269 3541 418 3593 aerarium
431 3538 493 3612 pati
505 3557 564 3594 noo
577 3555 665 3612 posse
696 3537 789 3592 iratre
811 3535 957 3594 Serviliae
979 3542 1082 3594 matris
1103 3558 1183 3595 snae.
1212 3540 1255 3597 De
1276 3540 1351 3596 reli-

23 3616 199 3686 argitionem
218 3621 344 3668 mutarn.
374 3611 503 3670 Senatus
517 3612 663 3677 decrevit,
696 3610 763 3686 quis
784 3624 882 3668 autem
896 3611 1064 3669 audiendus
1078 3624 1124 3669 cst
1137 3613 1171 3670 P.
1183 3614 1349 3683 Manutius,

20 3690 36 3743 ti
55 3706 119 3745 eam
139 3689 237 3763 legem
256 3688 294 3744 ad
317 3688 459 3763 populum
487 3688 580 3755 ierat,
612 3687 666 3743 ad·
696 3687 746 3761 qni
783 3695 876 3743 totam
913 3688 990 3744 banc
1024 3685 1208 3763 Caepionnm
1241 3691 1352 3747 seriem

20 3781 113 3821 ieraus
140 3783 206 3820 rem
234 3761 383 3838 publicam
411 3763 507 3819 videri
534 3781 600 3819 enin
620 3762 665 3818 ia·
695 3760 1024 3838 optimetl)cxpcdivit.
1047 3762 1352 3835 ,‚Q.SerriliuaCae·

20 3856 87 3895 rere.
128 3840 312 3898 Saturninus
341 3839 422 3895 ierre
443 3838 553 3912 coepit.
595 3838 665 3896 Col·
696 3839 830 3910 pio'cos.
852 3857 882 3901 a,
903 3842 1014 3896 n.6‘t9.
1036 3842 1111 3897 ursle
1131 3859 1199 3897 cum
1219 3839 1350 3898 Cimbris

22 3933 90 3989 agae
106 3914 307 3973 intercedere.
347 3913 665 3971 lllenibiloaninnsci-
696 3913 851 4044 pugnavit.
893 3913 965 3971 Eius
992 3911 1074 3973 lilius
1104 3914 1142 3989 Q.
1169 3912 1280 3991 Caepio
1305 3915 1348 3974 M.

20 3992 122 4047 uellam
138 3990 254 4048 detulit.
296 3989 429 4065 Caepio,
448 3987 576 4045 utillum
591 4007 666 4045 con-
721 4004 846 4045 caurum
879 3992 1056 4058 accusavit,
1093 3991 1194 4048 Druso
1226 3991 1351 4049 tribuno

20 4083 54 4120 ra
77 4065 110 4125 S.
124 4067 159 4126 C.
177 4063 435 4123 intercedentibus
456 4063 667 4142 collegisvidit
696 4061 809 4140 plebis,
830 4065 881 4140 qui
903 4063 1004 4140 paullo
1024 4076 1093 4122 ante
1113 4064 1223 4123 bellum
1238 4067 1351 4125 Marsi·

19 4140 107 4209 erre,
130 4161 202 4199 cum
221 4144 296 4197 viris
316 4140 404 4198 bonis
420 4144 561 4217 impetum
580 4140 663 4209 iacit,
697 4157 763 4196 cum
775 4138 855 4199 domi
866 4141 1121 4198 anaeinteriectus
1129 4153 1184 4211 est,
1196 4162 1254 4218 pro
1264 4145 1352 4221 eqni·

21 4228 116 4275 ›ontes
138 4214 305 4284 disturbat,
329 4216 552 4281 cistasdeiicit,
575 4216 666 4291 impe·
696 4213 775 4270 tibus
796 4217 924 4283 restitit,
956 4213 1034 4274 bello
1055 4217 1186 4277 Marsico
1213 4221 1350 4293 perlita.

21 4291 144 4350 limento
166 4303 228 4362 est,
260 4310 318 4378 quo
343 4295 441 4350 secius
462 4293 577 4349 teratur
597 4289 664 4347 lex:
696 4278 785 4348 6611)·
807 4289 878 4357 (Sed
893 4291 960 4348 vide
974 4311 1084 4369 snpra,
1106 4296 1177 4351 etin
1188 4292 1350 4352 Stemmata

21 4372 175 4426 treessitnr
186 4368 297 4444 Caepio
308 4371 480 4425 maiestatis.
499 4367 536 4423 ad
549 4367 620 4424 Her.
636 4377 663 4435 1,
695 4364 733 4422 N.
750 4364 767 4424 8
782 4376 811 4422 et
824 4370 851 4425 9.
890 4365 949 4424 Hic
968 4365 1080 4443 Caepio
1100 4388 1136 4426 ex
1152 4369 1237 4426 Livia
1257 4370 1352 4427 Drusi

21 4448 55 4509 12,
70 4449 117 4500 21.
127 4475 166 4487 -
176 4446 203 4499 Α
215 4444 252 4499 Τ.
266 4441 391 4500 Betucio
402 4443 500 4500 Barro
512 4443 666 4501 Asculano
697 4442 760 4497 eius
781 4460 906 4511 sorore,
929 4460 996 4500 cnm
1016 4462 1075 4520 quo
1090 4463 1156 4501 eum
1177 4447 1350 4503 inimicitias

21 4518 667 4581 iccusatusdeienditseorationeaL.Aelio
697 4518 826 4590 gessisse
847 4517 986 4587 diximus,
1007 4523 1141 4595 suscepit
1162 4519 1200 4594 Q.
1223 4520 1349 4597 Caepio·

21 4596 133 4668 scripta.
157 4594 243 4651 Brut.
259 4597 384 4659 46,169.
407 4594 539 4661 initos,
555 4601 619 4652 207.
630 4625 666 4640 —
697 4611 764 4647 nem
772 4602 801 4648 et
809 4591 978 4662 Serviliam,
1001 4594 1043 4652 M.
1060 4594 1183 4653 Catonis
1200 4615 1348 4667 sororem,
1423 4625 1428 4637 ·

21 4666 54 4722 11.
68 4671 158 4727 Drusi
169 4668 282 4726 tribuni
303 4668 344 4744 pl.
358 4690 385 4724 a.
399 4688 426 4725 u.
440 4690 467 4726 c.
480 4675 546 4731 663.
568 4672 668 4726 inimi·
698 4668 739 4725 Μ.
754 4667 841 4724 Bruti
855 4681 998 4736 matrem,
1020 4689 1108 4748 quarn
1123 4670 1156 4728 C.
1173 4670 1285 4729 Caesar
1298 4691 1352 4749 po·
1366 4682 1370 4719 ¹

21 4761 74 4809 tus,
90 4746 140 4800 cui
154 4755 242 4801 antea
254 4743 438 4801 adeoiuerat
451 4744 619 4812 familiaris,
636 4754 667 4801 ut
696 4753 760 4799 stea
790 4743 919 4801 dictator
954 4745 1114 4804 adamavit.
1167 4747 1350 4824 Caepionem

22 4822 234 4878 matrimonium
245 4838 313 4876 curu
328 4837 363 4877 eo
378 4822 665 4878 commutaverit-
697 4818 850 4876 tribunum
864 4818 927 4877 mil.
941 4822 971 4876 in
992 4819 1069 4878 bollo
1084 4820 1224 4896 Spartaci
1244 4825 1349 4895 luisse,

22 4892 108 4978 lilimis
129 4898 261 4972 equestri
280 4895 378 4951 ordini
394 4895 510 4952 deditus
531 4906 666 4952 asenatu
697 4893 797 4951 obisse
827 4898 858 4952 in
885 4897 959 4952 Asia
986 4908 1055 4954 ante
1082 4907 1274 4972 quaesturam
1298 4900 1350 4979 (Ρ)

22 4966 147 5027 lissedit.
178 4970 265 5045 Brut.
287 4973 335 5036 62,
352 4974 417 5033 225.
442 4972 472 5011 -”
495 4971 530 5027 Ei
552 4974 667 5028 oratio·
697 4976 739 5029 ait
758 4969 937 5028 Plutarchus
964 4974 994 5028 in
1016 4972 1132 5039 Catone,
1149 4972 1294 5041 Uticensi,
1312 4975 1347 5036 C.

22 5061 67 5100 nes
87 5047 213 5122 scripsit
229 5045 266 5105 L.
288 5046 403 5105 Aelius.
431 5046 517 5106 Brut.
535 5050 583 5117 56,
599 5049 665 5108 206.
699 5058 764 5119 11.,
785 5047 1097 5109 conuocaturum.
1136 5045 1264 5109 Seruilia
1283 5055 1350 5130 pri·
