3402 5598
88 428 140 493 A.
162 424 372 495 Llcnttus
394 425 723 495 ARISTOTELES
754 460 797 473 -
826 424 867 492 C.
887 423 1099 493 LICINIUS
1122 425 1326 496 CALVUS.
1370 400 1454 495 363Ι

88 588 118 627 c.
138 571 243 639 679.),
275 568 421 627 Catonem
448 568 593 637 (fortasse
621 567 744 627 Catonis
773 565 927 625 consolari
945 567 994 625 vel
1013 579 1175 644 propterea
1195 568 1364 647 gratificari
1377 569 1432 635 de-

84 644 241 704 Uticeusis
268 649 420 719 patrem),
451 646 522 702 item
547 644 744 702 Hortensium
773 642 914 712 buerint,
936 662 974 701 ne
993 656 1133 720 expertes
1154 647 1251 702 omnis
1273 646 1430 705 doctrinae

83 720 307 778 consuetudine
332 721 489 777 devinctos
514 722 620 778 tenuit.
661 719 743 778 Satis
772 730 861 797 atque
880 721 1075 777 humanitatis
1096 721 1291 789 riderentur,
1312 718 1364 780 ubi
1383 723 1431 780 ia-

82 795 180 872 longo
200 794 378 864 interuallo,
400 794 511 864 idest,
532 815 560 851 a.
580 814 611 853 ιι.
632 814 660 853 c.
681 798 743 853 cic·
770 794 900 853 condam
917 795 1087 853 litterarum
1100 795 1305 870 defensionem
1317 816 1430 874 respu-
1506 824 1510 831 -

84 872 167 929 citer
185 876 267 936 661.,
294 872 447 959 proiectus
467 882 514 928 est
531 890 601 928 cnm
619 871 661 929 Μ.
679 872 743 929 Lu·
769 874 876 929 issent.
904 900 943 916 -·
975 869 1019 929 Su
1042 883 1148 928 ersunt
1175 873 1207 930 in
1239 873 1427 949 Anthologia

82 948 169 1005 callo
189 948 221 1005 in
241 945 393 1017 Siciliam,
424 945 504 1025 qnod
533 947 591 1005 iter
617 948 666 1005 bic
687 946 743 1005 do-
770 946 907 1004 Palatina
936 945 997 1003 XX
1031 946 1085 1013 111.
1112 948 1246 1005 Archiae
1265 950 1429 1024 ‚epigram-

80 1025 205 1081 aaestici
223 1024 338 1100 negotii
357 1040 448 1080 causa
467 1025 637 1099 suscepisse
656 1023 742 1081 vide-
771 1034 861 1092 mata,
883 1040 921 1078 ex
941 1021 1047 1100 quibus
1067 1022 1188 1101 aliquod
1203 1022 1239 1080 de
1253 1025 1318 1080 eius
1331 1025 1429 1082 iacul-

78 1111 155 1168 tnr;
182 1097 317 1155 nondum
344 1101 424 1156 enim
451 1099 572 1163 adrem
591 1098 742 1175 publicam
769 1109 830 1156 tate
866 1099 985 1173 poe'tica
1020 1096 1165 1156 iudicium
1202 1099 1277 1156 ferri
1314 1111 1425 1174 potest.

79 1184 275 1232 necessetate
307 1191 375 1231 cum
400 1172 563 1253 eodemque
582 1176 740 1250 provincia
770 1174 980 1232 Praestantior
998 1175 1122 1231 omnino
1143 1174 1236 1247 luisse
1255 1174 1373 1233 videtur
1393 1179 1427 1233 in

79 1251 235 1309 decedens
247 1251 334 1307 venit
346 1251 535 1318 Heracleam,
556 1249 661 1309 urbem
675 1251 741 1309 Ma·
770 1261 836 1308 arte
865 1268 1032 1326 „maguum
1058 1269 1217 1308 numerum
1243 1253 1428 1326 optimorum
1470 1280 1479 1295 .

77 1345 163 1401 gnae
192 1325 339 1385 Graeciae
369 1329 448 1384 inter
476 1325 682 1402 Metapontum
712 1337 742 1382 et
769 1344 913 1384 versuum
926 1324 1046 1383 dicendi
1059 1344 1097 1383 ex
1109 1330 1271 1402 trmporr‘
1291 1326 1379 1404 (Cap.
1395 1332 1423 1395 8,

4 1428 8 1459 ι
80 1403 252 1461 Tarentum
281 1401 387 1469 sitam,
417 1405 541 1479 eiusque
569 1403 739 1470 civitatem,
771 1402 832 1477 18.)
852 1419 941 1480 qnam
960 1403 992 1461 iu
1012 1403 1158 1477 perimatis
1172 1401 1365 1460 elaborandis
1380 1411 1428 1458 at·

80 1496 155 1535 cunr
171 1480 236 1552 ipse
248 1494 306 1553 per
317 1495 350 1534 se
364 1476 473 1554 dignus
486 1487 656 1554 putaretur,
677 1489 741 1536 tum
812 1497 827 1534 e
854 1476 975 1533 assidue
999 1475 1151 1535 limandis.
1175 1508 1211 1523 -
1239 1477 1303 1536 Csr.
1331 1489 1427 1535 totam

3 1582 6 1611 z
80 1556 269 1611 anctoritate
294 1562 324 1609 et
398 1553 440 1610 tia
460 1552 578 1612 Luculli
597 1555 742 1631 impetra·
799 1552 955 1610 rchianum
969 1564 998 1609 ct
1009 1551 1130 1611 Scholia
1141 1552 1303 1611 Bobiensia
1341 1557 1428 1615 .555.

80 1630 140 1686 rit.
178 1628 305 1686 Etcum
360 1627 523 1687 .Pleutius
543 1628 685 1688 Silvanus
712 1641 742 1687 et
770 1648 854 1707 seqq.
874 1660 905 1671 -
921 1627 1052 1685 Archias
1071 1638 1246 1704 portentum
1260 1628 1298 1703 Q.
1314 1573 1426 1689 hoscio

82 1703 122 1763 C.
139 1704 281 1780 Papirius
302 1701 402 1762 Carbo
422 1703 537 1763 tribuni
557 1703 638 1782 plebi
658 1725 686 1762 a.
707 1725 738 1762 ιι.
770 1705 925 1772 comoedo,
947 1703 1076 1779 parvulo
1096 1706 1272 1773 etiamtum,
1293 1702 1428 1763 oblatum

3 1830 11 1861 f
81 1800 115 1839 c.
131 1784 197 1840 665.
218 1779 315 1856 legem
334 1780 485 1848 tulissent,
505 1790 540 1837 ut
558 1783 664 1839 civitas
679 1781 742 1839 Ro·
769 1781 921 1857 expressit
944 1777 1093 1839 versibus.
1134 1781 1171 1838 de
1192 1781 1295 1839 Divin.
1317 1788 1352 1848 1,
1375 1784 1423 1849 56,

79 1874 175 1914 nsua
195 1854 319 1915 daretur
337 1855 392 1924 iis,
413 1858 465 1933 qni
484 1855 645 1915 foederatis
665 1858 742 1917 ciri·
771 1865 817 1918 79.
841 1888 873 1900 -
895 1856 1027 1914 Archias
1053 1856 1129 1914 nihil
1153 1856 1191 1914 de
1214 1876 1260 1915 me
1281 1858 1343 1914 scri
1366 1857 1425 1923 sit;

78 1929 197 1990 tatibus
217 1932 363 2011 adscripti
378 1933 516 1999 luissent,
538 1934 651 2003 situm,
672 1953 740 1991 cum
769 1951 937 2002 revereor,
959 1950 1009 2000 ne,
1025 1929 1159 1989 Lucullis
1173 1934 1315 2009 qnoniam
1358 1949 1428 1991 rae·

78 2008 135 2065 lex
147 2004 311 2074 ferebatur,
334 2009 365 2064 in
378 2006 465 2065 Italia
485 2007 667 2066 domicilium
686 2011 741 2067 ha·
769 2027 838 2065 cum
856 2011 963 2084 poe'ma
984 2007 1135 2075 condidit,
1159 2027 1241 2066 nuuc
1261 2007 1299 2066 ad
1320 2006 1428 2066 Caeci-

77 2082 238 2150 busseris,
266 2091 298 2139 et
315 2084 342 2141 si
362 2087 518 2158 sexaginta
537 2082 641 2142 diebus
661 2088 740 2160 apud
768 2084 880 2141 lienam
898 2082 1031 2141 fabulam
1045 2082 1171 2160 spectet.
1201 2084 1363 2153 austes,
1380 2085 1426 2151 16,

5 2156 15 2177 ²
102 2170 255 2216 raetorum
269 2169 372 2217 essent
384 2160 526 2235 professi,
545 2161 673 2218 Archias
684 2161 740 2218 hac
772 2167 816 2219 15.
838 2162 912 2227 i.e.,
935 2178 974 2216 ne
1015 2170 1063 2216 ost
1082 2161 1229 2235 scriptum
1242 2163 1349 2236 poe'ma
1362 2157 1428 2216 Ln-

76 2179 150 2307 iege
169 2233 286 2292 Plautia
310 2244 340 2292 et
358 2234 480 2310 Papiria
507 2235 658 2293 ciuitatem
678 2237 740 2294 Ro·
769 2236 855 2293 callis
882 2236 919 2292 de
944 2179 1025 2293 helio
1046 2234 1251 2293 Mithridatico
1271 2234 1354 2295 aliud
1372 2253 1429 2292 eo-

75 2329 202 2369 nanem
222 2309 349 2387 adeptus
369 2320 431 2376 est,
461 2319 564 2386 utpote
589 2313 741 2389 quiesset
769 2314 842 2388 gitet
867 2313 899 2369 in
925 2313 1053 2386 gratiam
1079 2309 1272 2369 Metellorum
1301 2328 1428 2386 compo-

1 2410 17 2442 e
76 2385 253 2446 foederatae
273 2388 389 2444 civitati
409 2385 604 2446 Heracleensi
624 2387 741 2446 adseri·
770 2405 852 2444 uere.
882 2387 974 2445 Ludit
993 2388 1025 2442 in
1045 2385 1184 2465 ambiguo
1204 2404 1272 2444 voc.
1287 2387 1427 2442 Caecilia-

104 2472 154 2519 tus
173 2472 203 2519 et
222 2458 331 2519 multos
350 2464 411 2518 iam
431 2480 528 2520 annos
556 2463 739 2522 domicilium
768 2460 989 2535 namsabulam,
1032 2462 1091 2520 uod
1111 2473 1141 2519 et
1160 2466 1267 2540 polima
1284 2463 1427 2519 inhono-

5 2550 10 2597 2
77 2483 198 2597 Romae
218 2534 382 2595 habuisset.
410 2538 739 2597 Proiessnsestantem
768 2558 834 2596 rem
859 2538 989 2596 familiae
1041 2538 1197 2605 mellinae,
1228 2555 1303 2615 qnae
1324 2547 1427 2595 erate

6 2674 14 2685 ,
79 2614 166 2690 apud
185 2612 224 2686 Q.
242 2612 394 2671 Metellum
414 2614 517 2683 Pium,
538 2614 740 2673 familiarissi-
770 2613 921 2682 Caeciliis,
943 2623 973 2670 et
990 2611 1122 2672 sahulem
1144 2632 1162 2670 a
1181 2611 1314 2671 Caecilio
1328 2611 1427 2670 Statio

9 2752 13 2759 ,
79 2708 168 2747 num
185 2707 283 2756 sunm,
306 2688 411 2746 eodem
430 2708 510 2746 anno
529 2693 596 2751 665.
618 2700 741 2768 praeto·
770 2693 968 2766 compositam
986 2686 1160 2766 significare
1179 2697 1310 2765 poterat.

9 2762 18 2777 ⁴
79 2784 163 2824 reim
197 2765 274 2823 Tum
293 2784 321 2821 a.
342 2783 372 2821 ιι.
394 2784 422 2822 c.
441 2768 508 2826 666.
531 2765 567 2823 L.
589 2767 740 2825 Licinium

1 2833 15 2909 ”,
80 2839 247 2901 Lucullum
267 2852 456 2917 quaestorem
478 2843 509 2898 in
529 2842 633 2900 Asiam
653 2862 741 2901 secu·
807 2840 1224 2900 A.L1cm1nsAa1srorssrs
1244 2838 1423 2906 Melitensis,
1540 2866 1546 2879 ·

0 2912 16 2930 ἶ
80 2930 134 2976 tus
155 2927 211 2984 est,
232 2934 301 2974 cnm
320 2934 415 2994 eoque
433 2915 476 2975 ibi
487 2919 633 2976 remansit
646 2938 681 2976 us
725 2920 878 2994 ehospes
895 2917 1065 2984 Ciceronis,
1087 2929 1118 2975 et
1136 2936 1191 2994 per
1209 2916 1389 2975 Ciceronem
1406 2932 1425 2970 a

7 3064 12 3073 ¹
79 2994 124 3051 ad
144 3011 172 3048 a.
192 2994 279 3060 674„
306 3012 366 3070 qno
386 3010 467 3049 auno
487 2992 632 3052 Lucullus
651 3013 684 3052 re
707 2998 741 3053 iit
769 2996 899 3054 Caesare
913 2992 1069 3061 liberatus,
1087 2992 1316 3051 commendatur
1328 2990 1426 3069 (Mar-

80 3067 267 3126 aedilitatem
281 3071 440 3142 petiturus,
456 3087 543 3147 quarn
556 3089 665 3128 a.u.c.
676 3077 740 3132 675.
769 3070 829 3142 cio)
850 3070 935 3148 Regi.
976 3060 1014 3127 ad
1032 3069 1116 3127 Fam.
1140 3073 1187 3139 15,
1209 3075 1255 3130 52.

9 3148 14 3159 ’
78 3164 145 3201 nna
165 3162 233 3200 cum
251 3144 346 3201 fratre
367 3144 473 3202 Marco
492 3147 593 3221 gessit.
629 3146 738 3204 Postea
1366 3204 1370 3209 .

1 3234 17 3295 ζ
78 3218 214 3278 eundem
223 3219 383 3277 Lucullum
396 3224 569 3283 suessa.
586 3223 740 3281 consulem
806 3221 841 3280 G.
863 3220 1003 3278 chrmns
1021 3219 1155 3288 Caurus,
1178 3217 1213 3279 C.
1232 3218 1343 3290 Mario,
1365 3219 1423 3278 Cn.

0 3303 2 3314 ³
77 3297 121 3354 ad
143 3294 255 3352 bellum
277 3295 516 3353 Mithridaticum
539 3296 739 3373 proticiscen-
768 3294 908 3357 Carbone
926 3296 982 3354 lII.
1003 3315 1084 3354 coss.
1108 3316 1136 3354 a.
1161 3296 1189 3354 d.
1208 3294 1246 3353 V.
1269 3295 1335 3357 Kal.
1355 3295 1423 3353 Iun.

1 3367 16 3395 ⁵
76 3383 144 3430 tens
163 3376 321 3431 comitatus
341 3383 397 3438 est,
420 3389 488 3428 cunr
507 3390 602 3452 eoque
623 3394 650 3431 a.
665 3394 693 3432 u.
708 3393 736 3432 c.
768 3373 808 3441 (d.
832 3383 880 3436 28.
901 3372 974 3431 Maii
996 3390 1024 3428 a.
1042 3392 1072 3429 ιι.
1091 3390 1119 3429 c.
1138 3376 1220 3442 672.)
1240 3371 1283 3431 Μ.
1305 3371 1425 3431 Caelius

13 3456 17 3463 ’
74 3451 149 3509 668.
176 3446 280 3505 rediit.
317 3449 357 3505 A.
378 3465 407 3503 u.
427 3466 455 3505 c.
475 3452 541 3509 699.
569 3448 612 3508 Μ.
640 3449 738 3526 Pupio
768 3446 1110 3524 liuius'etC.Licinius
1124 3447 1235 3506 Calvus
1256 3445 1424 3506 eademdie

5 3590 12 3603 ,
74 3523 194 3582 Pisone
223 3532 254 3579 et
282 3521 324 3581 M.
349 3521 472 3580 Valerio
498 3524 628 3582 Messala
656 3544 736 3584 coss.
767 3526 862 3603 geniti
891 3537 978 3593 sunt;
1008 3533 1146 3582 oratores
1175 3522 1295 3600 quidem
1322 3522 1423 3593 ambo,

5 3608 17 3624 ³
74 3606 162 3675 (qno
181 3616 262 3655 enno
286 3601 503 3671 sexagesimum
524 3600 654 3657 Archias
682 3620 738 3657 an·
766 3600 819 3657 sed
840 3611 938 3659 tamen
960 3599 1075 3675 dispari
1089 3609 1210 3657 eventu.
1238 3598 1318 3656 Plin.
1334 3598 1372 3659 Η.
1382 3598 1423 3656 Ν.

74 3692 156 3733 ιιιιιιι
175 3673 298 3749 agebat,
327 3674 406 3731 unde
432 3676 460 3732 ei
482 3685 667 3733 senectutem
687 3676 738 3734 Ci·
767 3683 794 3745 7,
816 3681 862 3735 50.
883 3706 920 3721 -
938 3674 1034 3733 Filius
1052 3675 1109 3733 luit
1128 3673 1162 3731 C.
1183 3673 1293 3731 Licinii
1312 3672 1423 3742 Macri,

75 3768 156 3808 cero
175 3749 283 3807 tribuit
301 3748 375 3827 Cap.
390 3753 419 3820 5,
436 3757 479 3818 5.)
499 3769 516 3806 a
536 3750 642 3809 Gratio
663 3770 739 3830 quo·
767 3750 919 3809 annalium
932 3751 1094 3826 scriptoris
1109 3758 1197 3827 atque
1211 3750 1356 3818 oratoris,
1372 3749 1426 3828 qui

8 3822 16 3831 ’
75 3826 292 3892 damhomine
303 3828 478 3903 ceteroquin
489 3828 604 3899 ignoto,
613 3840 739 3904 propter
766 3826 944 3885 aCicerone
963 3826 1199 3903 repetundarum
1218 3836 1376 3883 accusatus
1390 3843 1423 3881 se
1506 3880 1512 3893 .

75 3919 209 3967 meram,
230 3912 263 3958 nt
285 3900 414 3970 videtur,
438 3902 583 3959 insidiam
601 3922 673 3962 reus
692 3904 739 3961 la·
768 3904 832 3992 ipse
852 3902 1017 3970 interfecit,
1042 3901 1121 3959 unde
1141 3905 1272 3977 primum
1291 3902 1424 3958 inimici-

5 3994 12 4004 ·
75 3988 150 4036 ctus
171 3987 216 4033 est
234 3977 301 4054 lege
320 3976 415 4053 Papia
440 3976 495 4045 (C.
517 3977 604 4054 Papii
622 3977 739 4038 tribuni
766 3990 824 4037 tras
843 3988 962 4036 mutuas
980 3980 1060 4035 inter
1073 3996 1105 4035 se
1117 3975 1299 4036 exercebant
1314 3976 1422 4034 Cicero

75 4052 126 4130 pl.
148 4070 177 4108 a.
199 4069 229 4108 u.
251 4071 278 4110 c.
300 4058 383 4124 689.)
404 4055 490 4110 cuins
510 4055 583 4111 haec
605 4056 651 4112 vie
669 4056 736 4121 luit,
767 4065 796 4110 et
816 4051 937 4111 Calvus.
975 4054 1171 4112 Praematura
1191 4063 1287 4112 morte
1307 4054 1424 4109 exsus-

1 4124 12 4218 Ῐ
74 4127 644 4263 hutu³l.l¹'''st‘¹¹:t⁰‘tt‘t
664 4132 739 4264 ’Μ
766 4127 1425 4267 i‘ttt.¹’‘.2⁰¹tll“‘.·.·ululatui

26 4330 33 4343 ,
74 4290 237 4359 gerentur.
278 4222 736 4359 Necepmppoeppplpepepesp’
767 4225 921 4357 idipsis·
939 4246 1064 4352 (ilalvud
1084 4224 1219 4338 ilmitator
1238 4289 1284 4336 est
1302 4280 1423 4337 Attico-
1505 4270 1509 4279 ⁸

1 4359 3 4390 ³
71 4367 114 4413 ιιι
134 4355 271 4422 ridetur,
301 4354 463 4412 admodum
490 4355 656 4427 difficilem,
684 4358 737 4416 sed
766 4377 850 4425 rum,
876 4357 1006 4435 lecitque
1026 4355 1068 4414 illi
1110 4365 1251 4432 roperata
1270 4373 1354 4412 mors
1374 4354 1423 4410 in-

0 4454 1 4459 *
68 4439 207 4510 propter
227 4433 422 4498 accusatoris,
444 4450 534 4508 quem
574 4435 737 4510 usdrupla·
766 4436 892 4500 iuriam,
920 4431 947 4489 si
973 4432 1043 4510 qnid
1063 4376 1236 4489 adiecturus
1256 4430 1331 4499 sihi,
1359 4448 1421 4486 non

71 4520 179 4566 torem
204 4506 297 4589 spisse
323 4504 474 4573 arbitror,
503 4454 610 4567 sordes
628 4511 737 4569 facilli-
766 4511 792 4567 si
811 4508 883 4587 quid
896 4507 1088 4565 detracturus
1101 4508 1203 4565 luerit.
1233 4502 1359 4580 Quintil.
1374 4512 1421 4574 10,

69 4600 161 4643 arram
173 4601 241 4638 cuna
255 4584 440 4658 suscepisset
454 4580 573 4652 Cicero,
594 4586 737 4643 Archiam
768 4594 795 4652 1,
816 4589 897 4653 115.)
922 4584 960 4640 Α.
974 4602 1044 4646 ιι.,ι.
1062 4586 1127 4644 699.
1143 4579 1280 4659 plurihps
1294 4582 1424 4638 actioni·

71 4658 215 4717 defendit
242 4674 346 4716 coram
366 4657 480 4730 Quinto
506 4658 617 4727 fratre,
647 4680 737 4737 prae·
765 4659 822 4718 bus
841 4660 876 4718 P.
898 4657 1055 4716 Vatinium
1079 4656 1208 4715 ambitus
1232 4672 1317 4715 reum
1336 4657 1420 4724 iecit,

70 4748 148 4795 tore
174 4730 292 4791 urbano
319 4752 347 4790 a.
373 4753 403 4791 u.
430 4751 457 4789 c.
481 4738 566 4802 695,
597 4744 631 4793 ut
656 4754 737 4795 nune
766 4738 852 4794 cuius
880 4735 1083 4793 accusationis
1114 4742 1280 4809 supersunt
1308 4732 1423 4811 aliquot

71 4819 199 4870 constat
219 4829 236 4866 e
256 4807 426 4869 Scholiasta
445 4807 599 4870 Bohiensi.
629 4811 737 4871 Utrum
765 4813 828 4869 loci
844 4810 1012 4870 breviores.
1038 4809 1248 4867 Memorantur
1261 4819 1422 4885 praeterea

72 4883 238 4946 absolutus
264 4885 305 4943 sit
330 4886 459 4942 Archias
486 4903 599 4953 necne,
651 4906 738 4945 arum
767 4890 830 4946 eius
844 4887 999 4944 orationes
1013 4888 1044 4942 in
1053 4886 1183 4943 Asitium
1197 4896 1227 4943 et
1237 4884 1422 4953 inDrusum,

74 4963 303 5037 comperimus3
324 4958 398 5017 illud
417 4969 517 5018 umen
558 4981 593 5020 ro
655 4963 735 5031 ilius,
766 4982 824 5039 pro
837 4961 961 5027 Messio,
983 4980 1040 5049 pro
1053 4960 1088 5020 Ρ.
1103 4960 1215 5030 Sestio,
1235 4976 1294 5039 pro
1314 4960 1347 5019 C·
1362 4960 1422 5018 Ca-

76 5056 153 5099 cum
179 5036 295 5097 iudices
321 5038 353 5101 iu
381 5054 416 5094 re
442 5036 519 5096 levir
552 5058 569 5097 a
595 5036 739 5108 Ciceroni
767 5050 847 5098 toue.
875 5036 1009 5097 Publicis
1028 5034 1205 5099 muneribus
1219 5038 1341 5096 iunctus
1356 5052 1423 5094 esse
