3418 5588
299 359 339 424 48
798 357 840 425 C.
861 354 1114 428 ANTONIUS.

296 500 413 578 iiipmc.
443 499 595 557 Plutarch.
610 501 723 557 Antou.
739 508 766 559 1.
787 530 825 545 —-
844 499 951 557 Frater
980 501 1141 578 quadrigas
1161 502 1327 576 agitarent,
1355 503 1410 561 luit
1430 504 1509 561 inter
1529 522 1587 565 eos
1601 503 1635 560 C.

298 574 332 633 C.
350 577 493 641 Antonii,
519 576 593 633 colle
615 594 648 632 ae
668 574 840 643 Ciceronis,
865 588 951 631 socer
980 580 1138 634 Antonius.
1176 579 1290 635 Ascou.
1314 580 1343 634 in
1365 590 1425 655 tog.
1447 580 1534 635 caud.
1554 599 1584 655 p·
1599 585 1636 638 89

296 650 462 708 P-Vatinii.
481 649 583 721 Schol.
595 594 670 708 boh.
689 651 832 709 inVatin.
847 670 874 726 p·
886 656 949 710 521.
980 661 1009 707 ct
1029 656 1075 710 91.
1106 682 1136 692 -
1167 651 1246 709 Petit
1271 653 1467 710 consulatum.
1509 654 1545 710 ad
1571 655 1635 711 Att.

301 756 331 767 -
353 726 551 783 Numitoriam
567 725 790 802 Fregellanam,
812 725 951 802 prodito·
984 737 1007 793 t,
1026 738 1054 793 1,
1070 735 1096 785 1.
1116 757 1153 807 -ς-
1167 727 1242 804 Ego,
1259 730 1635 806 quitrinoslutlos‘aedilis

296 805 340 860 ris
366 800 477 869 liliam,
509 799 614 858 habuit
638 820 773 859 uxorein.
818 801 948 877 Philipp.
979 802 1119 869 feceram,
1142 813 1241 859 tamen
1255 806 1380 860 Antonii
1400 803 1477 861 ludis
1497 824 1636 861 commo·
1706 874 1707 879 Ἰ

297 882 333 944 5,
354 882 390 942 6,
414 886 460 938 17.
486 906 517 917 -
545 877 585 934 Μ.
605 877 780 944 Antonius,
795 876 948 935 Creticus:
980 877 1081 933 vebar.
1102 897 1158 953 pro
1176 878 1303 935 Murena
1320 886 1373 945 19,
1395 882 1484 939 40-
1505 879 1636 937 Catilina
1706 886 1707 911 ³

297 951 394 1026 „Cum
417 962 537 1026 praetor
557 955 587 1009 in
608 954 682 1010 urbe
702 954 806 1009 fuisset
832 971 858 1007 a.
877 970 905 1007 ιι.
923 971 950 1008 c.
979 951 1099 1008 inflatus
1130 952 1163 1009 C.
1189 955 1316 1012 Antonii
1345 957 1511 1029 promissis.
1556 954 1636 1011 Ibid.

262 1094 266 1103 p
296 1033 363 1089 679.
385 1039 507 1085 curator
528 1047 598 1085 orae
619 1030 795 1092 maritimae,
818 1045 950 1084 cumea·
979 1031 1031 1091 2l,
1054 1032 1102 1086 49.
1135 1058 1166 1071 -·
1196 1028 1229 1085 C.
1256 1030 1406 1086 Antonius
1436 1042 1465 1086 et
1491 1029 1634 1097 Catilina,
1706 1034 1707 1053 ³

296 1104 380 1167 dein,
410 1121 467 1180 qua
487 1114 591 1180 postea
611 1104 666 1162 Cn.
685 1103 872 1178 Pompeius,
895 1121 950 1179 po·
978 1105 1189 1179 competitores
1219 1103 1374 1161 Ciceronis
1405 1107 1437 1161 in
1466 1107 1636 1162 consulatu.
1706 1098 1707 1169 ξ

296 1189 402 1243 testate
427 1182 535 1243 faetus,
564 1182 595 1236 in
616 1178 720 1236 Sicilia
740 1180 795 1234 luit
820 1198 848 1234 a.
870 1198 900 1234 u.
924 1197 948 1234 c.
979 1199 1006 1234 a.
1021 1198 1050 1234 ιι.
1065 1198 1091 1236 c·
1111 1181 1176 1238 690.
1202 1179 1312 1250 ,ambo
1332 1198 1348 1234 a
1369 1182 1496 1255 pueritia
1517 1184 1632 1245 sicarii,

296 1263 360 1315 680.
375 1255 528 1330 (praetore
542 1254 576 1312 C.
593 1252 770 1321 Sacerdote)
788 1256 856 1310 item
870 1272 949 1310 anno
978 1255 1065 1311 ambo
1080 1252 1242 1321 libidinosi,
1259 1254 1346 1311 ambo
1361 1265 1490 1333 egentes.
1521 1256 1637 1313 Eorum

209 1361 210 1364 ¹
295 1335 348 1391 681
360 1333 416 1395 ,·si
433 1349 494 1386 nnn
510 1331 584 1404 ipse,
608 1342 689 1387 certe
704 1331 871 1405 praefectus
886 1331 949 1386 eius
979 1328 1100 1386 alterius
1115 1329 1273 1405 (Antonii)
1297 1329 1376 1386 bona
1397 1334 1569 1407 proscripta
1588 1335 1637 1389 vi-

296 1406 442 1470 <Divinat
454 1411 580 1473 17,55.),
603 1403 949 1482 qnoanuoiamVerres
978 1404 1091 1472 dimus;
1119 1423 1224 1461 vocem
1251 1405 1377 1481 deniqne
1398 1407 1566 1464 audivimus
1587 1409 1636 1464 iu-

251 1508 257 1521 ¹
296 1480 417 1539 Siciliae
438 1491 587 1556 praeerat.
627 1480 700 1537 Mox
717 1480 795 1536 niale
816 1498 848 1536 ce
865 1488 948 1556 gesta
977 1483 1072 1536 rantis
1101 1496 1133 1535 se
1161 1479 1272 1537 Romae
1303 1481 1415 1537 iudicio
1443 1501 1537 1559 aequo
1565 1501 1636 1539 cnm

295 1560 328 1615 in
346 1555 424 1614 bello
440 1555 584 1612 adversus
598 1554 757 1613 Cretenses
773 1553 880 1612 morbo
894 1554 950 1611 ob·
977 1556 1097 1611 bomine
1116 1554 1235 1612 Graeco
1255 1566 1374 1612 certare
1394 1575 1454 1613 non
1475 1577 1582 1633 posse;
1606 1568 1637 1614 et

296 1632 361 1689 iit.''
389 1632 507 1688 zeum.
522 1661 556 1675 -
570 1633 754 1697 Antonium,
777 1649 844 1687 cum
857 1629 948 1687 multa
977 1642 1130 1687 exsenatu
1141 1635 1268 1687 eiectum
1281 1633 1402 1687 scimus.
1423 1633 1543 1709 Optima
1558 1651 1634 1690 vero

296 1718 403 1765 contra
422 1720 575 1763 sociorum
593 1706 735 1772 salntem,
762 1706 854 1764 multa
875 1724 948 1763 con·
977 1725 1136 1763 censorum
1167 1708 1389 1770 existimatione
1426 1711 1458 1765 in
1490 1718 1634 1784 praetura

295 1796 343 1839 tra
363 1783 519 1841 utilitatem
540 1784 764 1856 provinciarum
790 1793 819 1839 et
836 1776 949 1838 liceret
977 1788 1203 1856 competitorem
1223 1780 1395 1847 habuimus,
1425 1785 1521 1845 amico
1542 1782 1635 1841 Sabi-

296 1870 333 1925 et,
345 1859 502 1930 cogitaret,
524 1859 555 1915 iu
575 1859 679 1914 mediis
700 1859 818 1914 iniuriis
835 1860 898 1914 eius
919 1868 949 1912 et
977 1857 1243 1926 dioctl’autbera3
1289 1858 1346 1913 uod
1360 1857 1541 1915 aetatulam
1557 1878 1635 1936 quos

295 1932 507 2008 cupiditatibus
539 1952 620 1989 mors
650 1937 809 2008 oppressit.
861 1932 949 1990 Vere.
977 1942 1118 2008 poneret,
1155 1951 1214 1988 non
1242 1932 1278 1989 ba
1301 1931 1378 1988 ebat.
1436 1933 1503 2006 Quo
1531 1945 1634 1991 tamen

294 2016 437 2068 Accusat.
453 2016 482 2075 5,
498 2010 765 2075 euers-Eius
780 2008 948 2084 praelectus
977 2010 1007 2064 in
1036 2011 1212 2083 magistratu
1243 2010 1387 2076 anticam,
1419 2029 1508 2087 quain
1533 2010 1636 2086 palam

295 2083 417 2161 quidam
435 2082 472 2139 ab
486 2085 623 2160 Agonidc
637 2083 740 2142 Sicula
755 2086 949 2159 symphonia·
977 2083 1056 2141 domi
1077 2081 1216 2147 haberet,
1246 2084 1282 2139 de
1309 2086 1454 2142 machinis
1475 2088 1555 2143 emit.
1595 2085 1635 2143 Iu

271 2174 348 2235 ‘cos
366 2178 471 2216 servos
491 2159 615 2217 abduxit
634 2179 687 2233 per
707 2161 858 2233 iniuriam,
881 2160 948 2236 qui-
977 2159 1120 2233 petitione
1149 2168 1248 2215 autem
1278 2161 1449 2218 consulatus
1480 2180 1634 2237 caupones

205 2298 212 2316 Ι
294 2234 350 2293 bus
370 2253 402 2291 se
422 2237 453 2292 iu
474 2234 569 2291 classe
595 2239 639 2292 uti
659 2233 734 2292 velle
755 2233 873 2290 dicebat
893 2253 948 2308 pro
977 2252 1079 2291 ornnes
1100 2234 1148 2290 bie
1168 2232 1332 2309 compilare
1355 2255 1410 2311 per
1429 2237 1636 2312 turpissimam

293 2310 468 2369 tibicinibus
488 2312 626 2367 nauticis.
666 2311 800 2368 Divinan
822 2317 878 2376 17,
900 2314 947 2369 55.
977 2309 1156 2385 legationem
1175 2310 1280 2365 maluit
1322 2329 1388 2368 uam
1409 2313 1512 2369 adesse
1532 2325 1636 2388 etpo-

294 2416 332 2431 -·
351 2385 482 2443 Curator
501 2386 629 2442 tuendae
649 2388 740 2443 totius
760 2404 832 2443 orae
859 2387 948 2441 mari·
1000 2385 1049 2441 ulo
1070 2385 1202 2441 statimne
1226 2330 1408 2460 suppbcere.
1447 2386 1484 2460 Q.
1505 2387 1568 2445 Cic.
1595 2387 1635 2442 de

248 2469 260 2491 ¹
293 2465 400 2528 timae,
429 2461 673 2539 quaRomanum
692 2471 758 2518 erat
777 2462 946 2537 imperium,
977 2404 1042 2517 f‘et.
1074 2459 1108 2517 C.
1134 2469 1170 2525 2,
1198 2467 1226 2521 e.
1256 2490 1287 2503 -
1317 2461 1469 2520 Antonius
1495 2461 1635 2520 umbram

293 2556 356 2595 uon
376 2537 473 2594 solum
492 2539 555 2612 ipse
574 2555 841 2613 nequamueruin
860 2538 949 2593 etiam
976 2546 1060 2592 suum
1079 2538 1192 2591 metuit.
1231 2534 1305 2591 Ibid.
1326 2540 1351 2607 t.
1369 2539 1397 2594 9.
1436 2536 1513 2594 thid.
1535 2546 1563 2604 7,
1585 2544 1635 2597 28.

293 2612 453 2670 comitibus
467 2613 615 2687 pessimis,
638 2631 702 2674 rem
723 2612 886 2670 inauditam
900 2614 949 2668 in·
979 2640 1010 2695 3-
1033 2609 1219 2686 Couipetitor
1233 2609 1389 2669 Ciceronis
1409 2614 1439 2668 in
1459 2614 1635 2673 consulatus

293 2692 373 2747 vasu
390 2700 419 2745 et
438 2689 553 2746 indicto
568 2686 761 2745 Cretensibus
781 2687 859 2746 bello
872 2686 947 2743 male
976 2688 1131 2761 petitione.
1171 2685 1207 2742 In
1236 2688 1397 2743 coitionem
1428 2688 1574 2746 Catilinae
1605 2699 1637 2746 et

293 2783 329 2820 re
342 2774 424 2840 gesta
437 2764 549 2821 ibidem
562 2765 663 2837 periit,
686 2772 844 2839 antequam
858 2762 949 2821 Pom·
977 2763 1101 2818 Antonii
1128 2763 1260 2849 graviter
1286 2764 1424 2820 invectus
1453 2774 1498 2821 est
1524 2763 1641 2822 Cicero

294 2842 379 2914 peius
401 2852 508 2899 contra
520 2840 635 2968 pprmas
648 2841 757 2896 missus
771 2849 825 2894 est.
853 2836 949 2893 Pseu·
976 2839 1165 2894 orationem
1184 2846 1254 2910 toga
1274 2831 1485 2897 candidaante
1501 2838 1636 2899 dieseo-

272 2915 438 2971 -doatcom
467 2915 498 2970 in
551 2915 624 2969 ivin.
651 2933 680 2989 p.
701 2922 764 2971 122.
794 2909 947 2968 -.Siculi
976 2914 1127 2968 mitiorum
1140 2930 1261 2987 paucus.
1281 2913 1446 2974 Ascon..in
1461 2924 1530 2992 toga
1544 2917 1635 2972 caud.

259 3010 263 3017 “
294 2988 336 3047 Μ.
355 2990 482 3046 Antonii
511 2985 659 3045 infinitum
689 2987 760 3045 illud
790 2989 949 3062 imperium
977 3007 1007 3061 p.
1027 2991 1072 3048 85.
1103 3015 1134 3026 -
1165 2986 1335 3045 Novitatem
1361 2988 1518 3047 Ciceronis
1547 2991 1636 3048 multi

294 3074 462 3122 senserunt.
511 3064 600 3122 Verr.
624 3066 765 3120 Accusat.
795 3072 830 3127 2,
858 3066 894 3128 5,
921 3069 948 3121 8·
977 3059 1163 3118 contumeliis
1184 3064 1297 3139 agitare
1319 3063 1495 3133 voluerunt,
1518 3076 1551 3123 ut
1571 3065 1637 3123 Ca-

294 3139 400 3197 Vellei.
418 3144 511 3206 2,,51.
538 3137 675 3197 Lactaut.
692 3139 836 3195 Institott.
856 3144 948 3201 1,11.
977 3137 1060 3193 tilius
1081 3147 1111 3193 et
1123 3136 1246 3194 Clodius
1266 3150 1295 3195 et
1315 3141 1389 3215 ipse,
1413 3143 1548 3218 quamvis
1569 3143 1637 3198 col-

294 3220 341 3275 52.
368 3212 533 3291 (Infinitum
546 3216 715 3291 imperium,
739 3214 816 3291 quod
834 3211 948 3269 scilicet
975 3213 1041 3285 lega
1060 3213 1162 3283 luerit,
1185 3212 1219 3272 C.
1239 3214 1400 3273 Antonius.
1440 3215 1541 3274 Schol.
1557 3216 1636 3276 Bob.

294 3300 402 3349 nactus
427 3302 473 3347 est
498 3292 529 3347 in
557 3307 660 3347 ornnes
688 3307 757 3346 oras
783 3289 948 3344 maritimas
997 3307 1032 3344 ru
1059 3286 1143 3345 Sulla
1169 3308 1199 3365 p.
1221 3293 1287 3348 565.
1319 3320 1349 3331 -
1378 3291 1412 3350 C.
1431 3294 1583 3350 Antonius
1606 3304 1638 3371 ᾳ

293 3368 423 3423 lectione
444 3367 565 3443 Cethegi
585 3377 615 3423 et
633 3366 730 3439 gratie
748 3364 852 3422 Cottae
873 3382 949 3420 con·
976 3307 1012 3420 Υ..
1041 3362 1186 3421 Catilina:
1219 3363 1371 3423 Feruntur
1395 3371 1638 3433 orationesno·

295 3442 367 3499 sulis
387 3461 461 3498 a...n.
479 3451 583 3509 c.680.
610 3442 696 3510 Eun.)
718 3469 749 3481 -
770 3437 948 3499 Dissolutis-
976 3441 1054 3495 mine
1076 3438 1194 3497 illorum
1214 3438 1310 3497 editae
1332 3461 1391 3498 non
1413 3442 1637 3519 abipsisscri.

295 3518 386 3579 tinans
412 3528 535 3577 curator
563 3521 652 3575 totins
677 3535 749 3573 orae
769 3516 945 3581 maritimae,
977 3523 1056 3588 ptae,
1071 3513 1125 3570 sed
1138 3512 1175 3571 ob
1190 3515 1345 3585 Ciceronis
1359 3517 1635 3577 obtrectatoribus:

295 3594 327 3648 in
360 3593 450 3650 Creta
485 3606 638 3659 mortuus,
678 3609 765 3668 quem
801 3590 948 3647 Salustius
977 3608 1051 3722 pnes
1081 3592 1183 3646 nescio
1213 3608 1251 3646 an
1283 3594 1375 3649 satius
1407 3596 1446 3650 sit
1478 3597 1636 3670 ignorare.

295 3666 386 3736 (Hist.
405 3667 560 3743 Lentu.)
581 3673 623 3726 ait
639 3667 948 3738 perdundaepecuni'oe
1002 3676 1116 3721 eternm
1136 3664 1244 3722 Cicero
1271 3668 1373 3723 consul
1401 3673 1534 3726 omnium
1554 3690 1639 3727 cou-

293 3750 421 3813 gem'tnm
446 3753 476 3796 et
496 3763 617 3798 vocentur
632 3763 655 3795 ,α
673 3748 748 3795 curis
766 3748 822 3797 nisi
840 3747 949 3793 instan-
977 3759 1067 3796 sensu
1094 3740 1191 3797 fectus
1220 3752 1282 3796 est:
1314 3745 1465 3802 Antonius
1495 3747 1637 3822 pauculis

294 3814 378 3875 noui.
405 3818 625 3877 Pseudoaseon.
650 3820 680 3874 in
700 3817 768 3873 Act.
786 3816 826 3873 Π.
861 3814 948 3874 Verr.
977 3816 1121 3872 centuriis
1142 3815 1300 3872 Catilinam
1319 3822 1492 3893 superavit,
1515 3840 1586 3878 cum
1608 3823 1638 3878 ei

228 3918 232 3925 ·
294 3913 325 3970 p.
342 3900 396 3953 176
412 3903 441 3950 et
453 3901 518 3954 206.
541 3924 572 3935 -
595 3886 655 3951 Sal.
673 3892 749 3950 Hist.
770 3895 799 3956 5,
815 3894 861 3950 59.
880 3888 947 3966 (Ed.
977 3901 1102 3966 propter
1124 3893 1217 3965 patris
1238 3910 1348 3955 nomen
1361 3894 1451 3969 paulo
1466 3899 1639 4029 speciosior

222 4029 225 4037 ,
296 3967 947 4045 Gerl.min.p·2ltl.)—TriumAutoniornm
976 3984 1081 4025 manus
1099 3966 1355 4043 suffragataesset
1375 3988 1463 4045 qnam
1503 3973 1640 4029 atilinae.

295 4045 555 4120 consulumpater.
575 4044 651 4101 lhid.
673 4040 947 4109 (HocScboliastne
976 4044 1089 4099 Ascon-
1103 4044 1134 4098 in
1149 4053 1207 4117 tog.
1221 4043 1306 4099 caud.
1320 4064 1350 4118 p.
1365 4050 1411 4103 95.
1436 4075 1467 4085 -
1491 4046 1639 4135 EgoAu-

294 4120 445 4179 Iuvenalis
458 4122 629 4177 testimonio
640 4120 746 4177 nititur
758 4136 884 4193 prorsus
898 4136 949 4174 re·
976 4119 1089 4174 touiunr
1117 4116 1261 4190 collegam
1281 4119 1421 4194 cupidum
1441 4125 1637 4195 provinciae,

295 4195 446 4265 iicieudo.)
466 4223 503 4236 -
522 4199 601 4254 Ante
623 4194 660 4267 Q.
680 4193 832 4252 Metellum
851 4191 949 4249 Creti·
976 4192 1111 4250 multain
1127 4192 1292 4267 republica
1310 4197 1491 4263 molientem,
1512 4200 1642 4272 potien-

295 4290 364 4329 cnm
394 4287 466 4329 orae
495 4271 663 4329 maritimae
689 4269 878 4345 praepositus
907 4267 947 4325 Μ.
976 4268 1016 4322 tia
1045 4279 1132 4343 atque
1158 4266 1230 4323 obse
1254 4268 1302 4325 uio
1331 4288 1397 4327 meo
1416 4275 1560 4347 mitigavi.
1606 4278 1644 4331 iu

295 4348 446 4405 Antonius
475 4346 617 4422 coeperat
648 4348 763 4422 piratas
796 4345 944 4420 persequi,
977 4342 1079 4399 Pison.
1092 4352 1121 4408 2,
1134 4346 1161 4401 5.
1181 4372 1211 4383 -
1263 4346 1644 4422 uuquaminillosnmmo

294 4424 348 4480 sed
378 4421 469 4480 rebus
505 4424 637 4481 nondum
673 4421 817 4478 coniectis
852 4428 948 4476 morte
977 4420 1082 4474 timore
1103 4420 1337 4488 (coniurationis
1358 4420 1568 4493 Catilinariae)
1600 4444 1643 4482 ac

295 4508 544 4575 praeuentusest.
570 4495 757 4556 sinotum
772 4515 827 4573 pro
840 4495 948 4553 Flacco
977 4493 1111 4568 periculo
1144 4494 1272 4553 civitatis
1311 4516 1408 4573 neque
1444 4510 1644 4557 communem

295 4593 325 4649 P,
345 4578 410 4645 254,
751 4636 753 4642 λ
784 4630 787 4637 ,
977 4580 1086 4625 metum
1107 4571 1239 4627 omnium
1259 4589 1315 4627 uec
1328 4573 1482 4648 propriam
1500 4576 1648 4635 nonnul-

976 4644 1073 4701 lorum
1100 4644 1135 4702 de
1163 4648 1228 4720 ipso
1253 4650 1456 4722 suspicionem
1485 4660 1536 4706 aut
1562 4648 1648 4709 inti-

334 4722 368 4780 C.
392 4723 563 4791 Auruncus,
594 4724 725 4781 oratoris
754 4721 830 4779 alter
856 4720 945 4787 lilius,
977 4720 1078 4777 tiando
1098 4720 1203 4777 tollere
1224 4731 1275 4777 ant
1294 4723 1508 4782 dissimulando
1527 4727 1648 4785 sedare

296 4799 584 4875 Ciceronisicollega
605 4802 636 4856 ic
656 4798 815 4857 consulatu
833 4818 860 4853 a.
876 4817 904 4853 u.
922 4815 947 4853 c.
976 4795 1079 4852 voluit.
1099 4816 1155 4872 pro
1172 4796 1270 4855 Sestio
1290 4802 1318 4864 5,
1338 4809 1365 4861 0.
1382 4829 1413 4841 -
1429 4800 1552 4859 Homini
1566 4815 1645 4859 stu-

296 4876 362 4934 691.
387 4904 418 4915 -
440 4873 514 4935 Cum
528 4874 610 4935 Sulla
629 4875 866 4949 postvictoriam
881 4872 948 4939 Cir·
977 4871 1061 4929 diosc
1093 4874 1218 4931 tortasse
1250 4872 1430 4941 victoriae„
1447 4876 1500 4934 sed
1530 4889 1645 4937 tamen

294 4969 400 5013 censes
421 4951 534 5011 laceret
553 4952 610 5018 ita,
632 4960 665 5007 ut
682 4950 948 5011 bonestibomiucs
977 4950 1101 5007 ninnium
1118 4965 1321 5025 ¹cormnuuem
1342 4950 1468 5013 Martem
1500 4951 1647 5033 bellique
