3278 5594
242 354 304 418 tm
630 349 706 418 CN.
728 344 970 417 POMPEIUS
991 348 1200 421 MAGNUS.

241 496 357 552 enimus
376 474 514 570 Pompeii
542 502 572 549 et
597 493 814 567 proscripturit
833 490 894 549 diu.
926 491 1068 549 militibus
1088 489 1253 551 confidere.
1303 491 1350 550 Ex
1378 510 1415 548 eo
1440 503 1554 569 tempere

243 570 280 627 ad
294 573 358 627 Att.
373 574 402 637 9,
417 579 462 637 to,
478 575 553 628 6.-
567 569 821 644 Pompeianorum
833 586 897 627 ser·
925 570 972 625 vir
992 567 1043 625 ille
1065 584 1197 625 summus
1217 566 1318 625 nullus
1338 570 1557 643 imperatorius

241 665 346 703 mones
367 646 518 713 minaces3
543 646 658 702 inimici
676 652 750 719 punt
767 643 897 719 optima·
925 642 1037 718 Signa,
1065 645 1166 700 tirone
1187 653 1217 699 et
1238 643 1407 711 collecticio
1427 648 1557 713 exercitu,

240 730 342 791 tium,
374 722 609 794 municipiorum
636 720 761 785 hostes,
796 736 896 776 merae
924 737 993 775 cum
1014 717 1184 795 legionibus
1197 717 1419 776 robustissimis
1432 720 1557 777 contulit:

240 799 497 930 proscriptiones,
528 798 606 852 meri
626 795 729 855 Sullae
749 803 808 853 cet.
849 793 894 882 lh.
924 797 1024 852 victus
1043 796 1232 869 turpissime,
1264 797 1383 851 amissis
1415 797 1498 851 εῑιιιιι
1516 815 1559 852 ca-

119 1014 127 1029 „
241 892 298 1006 tuh·
310 882 366 1006 dh,
378 871 897 1032 513061)Ξεξιηιὲιιῗεέιιιῗειθςχὲἔεῗιι
925 879 1016 1019 35551,
1027 870 1562 1022 ιῗῆιῖιῖἕῖἑιιιιῖξοιῗρέειόιό5615

240 1034 271 1081 et
289 1024 369 1080 vallo
383 1032 519 1099 saeptum
529 1034 629 1091 tenct3
651 1024 720 1099 iuga
736 1020 894 1097 prohibete
925 1039 981 1077 nus
1002 1022 1038 1077 de
1058 1039 1104 1076 me
1125 1023 1273 1087 senserit,
1303 1024 1423 1090 sciunt,
1444 1022 1493 1099 qui
1508 1039 1562 1078 suu

239 1118 297 1157 nos
317 1100 466 1156 vivimus?
493 1097 532 1154 Et
551 1109 611 1154 stat
623 1098 697 1156 urbs
711 1100 785 1164 istm
806 1116 897 1173 prae·
925 1097 961 1153 de
980 1096 1156 1155 Pharsalica
1175 1098 1246 1171 fuga
1266 1097 1406 1174 Paphum
1432 1099 1563 1172 persecuti

241 1187 323 1234 tores
343 1177 390 1231 ius
411 1175 533 1231 dieunt:
554 1175 665 1232 aediles
678 1174 763 1232 ludos
778 1182 897 1248 parant.
925 1185 1006 1230 sunt.
1048 1171 1209 1249 Nunquam
1222 1171 1267 1230 ab
1287 1191 1324 1229 eo
1342 1176 1458 1231 mentio
1478 1172 1510 1228 de
1526 1190 1563 1229 me

239 1250 316 1309 Ihid.
338 1249 396 1326 Ep.
417 1255 464 1315 12,
479 1254 508 1309 5.
529 1278 566 1292 -
585 1250 747 1327 Pompeius
767 1248 805 1306 N.
829 1247 896 1305 Ma·
925 1248 983 1304 nisi
1002 1246 1187 1315 honorifica,
1209 1250 1267 1306 nisi
1309 1249 1382 1305 lena
1406 1249 1563 1305 amicissimi

240 1331 321 1403 pium
343 1328 540 1402 (praefectum
559 1344 647 1383 suum
666 1326 705 1383 ad
723 1324 895 1393 Caesarem)
925 1324 1084 1391 desideriii
1105 1344 1173 1381 cnm
1192 1343 1240 1381 me
1253 1269 1365 1381 vidisse
1388 1323 1454 1398 plus
1473 1325 1565 1381 latere·

237 1402 371 1536 ἔξω
391 1404 487 1469 misit3
519 1411 668 1459 ettamen
689 1421 729 1477 op
751 1410 892 1477 ugustur.
924 1409 989 1467 tur,
1018 1418 1052 1457 se
1079 1401 1252 1477 speravisse
1271 1400 1410 1457 meliora.
1449 1399 1562 1474 Philipp.

278 1521 285 1535 .
328 1498 358 1554 p.
375 1482 421 1545 15,
437 1484 517 1536 8.-
537 1475 615 1534 ldih.
631 1478 721 1535 Mart.
760 1478 895 1551 ompeius
923 1483 952 1541 2,
975 1480 1022 1544 15,
1043 1480 1090 1536 59.
1119 1475 1196 1533 Ibid.
1212 1483 1259 1544 22,
1281 1479 1329 1536 §h-
1351 1505 1390 1519 -
1412 1474 1468 1534 cn.
1489 1475 1564 1531 Pon·

238 1553 437 1617 aBrundiaio
450 1554 637 1611 conscendit.
666 1553 710 1611 lh.
726 1552 784 1626 Ep.
802 1555 848 1621 th,
865 1559 893 1613 5.
923 1552 1026 1625 peius,
1049 1569 1111 1607 non
1132 1563 1272 1625 receptus
1292 1570 1309 1607 a
1327 1550 1455 1609 Rhodiis
1467 1552 1496 1607 iu
1509 1551 1565 1623 tuga

243 1662 274 1674 -
296 1631 474 1705 Pompeius,
507 1631 549 1695 is,
571 1631 622 1705 qui
642 1647 699 1687 uos
719 1627 777 1685 sibi
798 1648 896 1705 quon·
924 1638 992 1701 poat
1010 1627 1158 1703 proelium
1178 1627 1398 1685 Pharsalicum.
1438 1626 1476 1683 ad
1493 1626 1563 1682 Fan.

240 1705 308 1763 dam
336 1707 372 1762 ad
402 1704 493 1780 pedes
520 1715 632 1761 eleates
659 1724 697 1761 ne
717 1701 894 1762 sublevabat
926 1710 970 1768 12,
986 1705 1033 1770 lli,
1056 1707 1083 1762 5.
1106 1730 1139 1745 -·
1159 1702 1215 1760 Cu.
1237 1703 1402 1778 Pompeius
1422 1705 1455 1759 iu
1475 1700 1565 1757 solitu·

240 1781 376 1860 quidem,
405 1781 457 1857 qni
476 1796 509 1838 ee
531 1779 602 1837 nihil
626 1791 732 1837 contra
754 1779 894 1837 Caesaris
944 1779 993 1833 ine
1021 1778 1243 1909 Aegyptiorum
1263 1778 1306 1849 (id
1325 1789 1390 1842 est,
1423 1778 1566 1834 destitutus

239 1857 425 1915 voluntatem
446 1854 545 1913 aiebat
564 1855 664 1913 iacere
692 1873 800 1930 posse,
832 1856 895 1912 ela·
923 1850 961 1909 ab
982 1857 1064 1909 omni
1088 1873 1122 1910 us
1144 1855 1326 1911 amicisset.
1369 1852 1449 1913 Vide
1468 1851 1565 1921 (licre.)

261 1948 313 1990 sus
334 1949 350 1988 e
374 1932 474 1989 soceri
492 1930 631 1988 mnibus
652 1951 687 1987 ac
707 1932 808 1999 ferro,
831 1928 892 1989 bel·
924 1929 1096 1986 trucidatus
1111 1939 1167 1986 est.
1206 1928 1242 1986 de
1264 1929 1368 1986 Diria.
1384 1937 1416 1994 2,
1433 1935 1463 1996 9,
1479 1936 1520 1985 22.
1537 1956 1566 1970 -

238 1951 300 2065 him
329 2018 411 2064 terra
444 2016 473 2062 et
505 2007 583 2062 mari
611 2025 677 2064 eom
700 2018 790 2075 arat,
832 2025 894 2064 nou
924 2002 1090 2061 Constabat
1103 2023 1167 2072 eos,
1183 2007 1234 2081 qni
1248 2004 1462 2061 concidentem
1475 2004 1566 2059 volne-

239 2086 383 2141 iniustum
404 2081 453 2139 ille
473 2081 609 2158 quidem,
635 2026 697 2139 sed
709 2101 776 2139 cum
797 2084 893 2159 pium,
923 2078 1009 2137 ribus
1030 2078 1085 2138 Cn.
1115 2080 1289 2155 Pompeiam
1316 2080 1483 2148 vidissent,
1512 2096 1567 2135 cun

239 2170 301 2225 tum
322 2159 542 2225 necessarium,
573 2160 635 2214 suis
654 2166 755 2214 tamen
775 2157 894 2215 civibus
924 2157 954 2212 in
975 2154 1027 2212 illo
1048 2158 1115 2231 ipso
1136 2155 1332 2213 acerbissimo
1346 2156 1564 2230 miserrimoque

240 2232 408 2299 exitiabile,
437 2235 641 2302 nisiriceri15
669 2233 893 2303 calamitosum,
923 2230 1323 2304 spectaculosibitimerent‚
1368 2231 1429 2288 uod
1444 2250 1476 2289 se
1486 2231 1564 2287 classe

240 2314 329 2368 etiam
348 2312 377 2369 si
394 2311 511 2367 vicerit.
548 2307 596 2366 lb.
614 2308 682 2367 Lib.
704 2311 838 2378 10,t,5.
857 2340 896 2353 —
923 2308 1052 2363 hostium
1082 2308 1283 2365 circumfusos
1313 2251 1475 2375 viderent,
1507 2303 1565 2361 nihil

238 2387 375 2460 Pompeii
407 2403 495 2441 omne
528 2385 686 2442 consilinm
722 2385 895 2442 Themisto·
922 2381 1086 2439 irmelind
1106 2387 1221 2460 egisse,
1244 2382 1565 2460 nisintremigeshor-

161 2502 163 2511 ,
240 2460 413 2520 cicumeat.
454 2460 615 2518 Existimat
628 2462 725 2528 enim,
747 2463 799 2537 qni
811 2478 894 2517 mare
924 2467 1062 2516 terantur
1087 2471 1117 2515 et
1137 2470 1170 2516 ut
1189 2458 1314 2517 salntem
1337 2459 1563 2534 adipiscerentur

239 2548 356 2607 teneat,
379 2555 580 2595 eumnecesse
595 2554 661 2593 esse
675 2554 779 2593 rernm
791 2536 894 2612 potiri.
923 2534 1008 2609 luga3
1064 2548 1239 2611 osteaquam
1265 2535 1383 2608 Tyrum
1412 2536 1564 2595 uenissent,

219 2615 345 2690 ''ltaqne
366 2631 519 2690 nunquam
540 2613 571 2669 id
584 2613 660 2687 egit,
683 2623 715 2668 ut
728 2612 894 2687 Hispaniae
923 2620 986 2666 tum
1015 2630 1031 2665 a
1059 2612 1160 2667 lictari
1185 2611 1407 2686 lamentarique
1433 2610 1562 2684 coepisse.

238 2708 295 2767 per
315 2706 347 2745 se
366 2697 564 2756 tenerentur,
593 2687 710 2744 navalis
731 2700 894 2764 apparatus
924 2685 1157 2755 Τιιεοιι1.5,’27,
1173 2693 1220 2746 66.
1244 2716 1275 2731 -
1307 2686 1366 2753 Illi,
1391 2688 1444 2764 qui
1462 2683 1565 2742 occide-
1610 2708 1611 2751 ι

173 2822 177 2831 ,
240 2768 268 2822 ei
289 2783 408 2841 semper
429 2765 634 2841 antiquissima
655 2783 728 2820 cura
749 2774 823 2821 erat.
851 2762 893 2820 lb.
924 2772 1013 2827 runt,
1049 2762 1163 2819 fuerint
1195 2763 1312 2837 cupidi,
1346 2762 1465 2818 fuerint
1491 2758 1563 2825 irati,

239 2840 295 2917 Ep·
316 2847 345 2907 8,
368 2843 397 2899 lt.
422 2869 453 2882 -
476 2839 701 2897 Animadvertis
726 2837 783 2896 Cn.
805 2839 895 2896 Pom·
923 2837 1036 2894 inerint
1054 2841 1243 2913 pertinaces;
1271 2838 1399 2895 sceleris
1420 2856 1493 2894 vero
1510 2835 1562 2891 cri·

238 2919 339 2993 prium
358 2935 416 2974 nec
435 2916 567 2972 nominis
588 2916 635 2973 sui
656 2933 711 2971 nec
729 2933 896 2991 rerumge-
924 2915 1022 2981 mine,
1055 2914 1185 2982 furoris,
1219 2913 1378 2990 parricidii
1408 2913 1496 2970 liceat
1519 2909 1563 2967 Ga.

240 3003 355 3049 aterum
381 2991 477 3065 gloria
505 3008 600 3066 neque
623 2992 715 3047 etiam
734 3009 839 3065 regum
860 3009 895 3047 ae
924 2988 1068 3063 Pompeio
1096 3000 1235 3058 mortuo,
1268 2990 1360 3046 liceat
1386 2990 1487 3047 multis
1510 2986 1563 3042 aliis

239 3070 396 3125 nationum
430 3065 595 3131 clientelis,
631 3084 707 3143 quas
740 3077 894 3123 ostentare
924 3062 1048 3121 carere.'
1077 3085 1136 3142 pro
1159 3065 1331 3141 Ligariod,
1359 3070 1409 3124 18.
1451 3064 1563 3135 Cinpro

239 3142 350 3200 erebro
360 3140 486 3212 solebat,
496 3159 562 3199 esse
572 3142 783 3208 tutum,ethoc
792 3141 894 3209 etiam.
925 3139 1069 3197 Deiotaro
1087 3145 1117 3209 lt,
1145 3151 1190 3201 12.
1211 3171 1249 3185 -
1277 3141 1351 3198 Post
1372 3159 1445 3197 uam
1469 3139 1563 3197 Caesar
1610 3176 1611 3179 ¹

170 3280 173 3292 ¹
240 3217 322 3298 quod
343 3216 447 3275 infimo
467 3217 574 3294 cuique
594 3218 739 3293 contigit,
769 3217 895 3274 illinon
924 3215 1110 3273 Alexandria
1136 3236 1168 3274 ae
1197 3218 1332 3291 recepit,
1386 3226 1451 3273 asta
1481 3214 1562 3290 posita
1610 3244 1611 3249 κ

239 3312 330 3370 posse
351 3296 543 3369 contingere,
563 3303 597 3349 ut
620 3294 743 3350 honeste
763 3291 895 3367 effugere
945 3311 980 3348 ro
1010 3294 1083 3350 aede
1109 3293 1191 3350 Iovis
1224 3290 1375 3360 Statoris,
1410 3290 1487 3349 hona
1517 3287 1561 3344 Gn.

239 3372 352 3447 possit,
375 3368 463 3446 pulso
477 3368 574 3435 Italia,
596 3369 714 3426 amissis
728 3368 895 3445 Hispaniis,
924 3310 1059 3443 Pompeii
1077 3369 1181 3445 Magni
1200 3372 1269 3426 voci
1283 3366 1494 3425 acerbissimae
1506 3369 1561 3420 snut

239 3455 328 3522 capto
357 3446 493 3503 exercitu
517 3457 679 3512 veterano,
710 3444 895 3501 circumval-
924 3441 1056 3500 subiecta
1088 3447 1266 3519 praeconis:
1306 3448 1448 3500 inventus
1477 3451 1561 3497 secter

239 3521 550 3597 latonnucdeniqne.
581 3530 706 3588 (amc.
724 3524 803 3590 706.)
830 3519 895 3577 Do·
924 3527 970 3574 est
989 3537 1077 3575 nemo
1097 3530 1218 3595 praeter
1241 3519 1479 3578 mennonium.
1503 3514 1561 3573 Phi·

239 3596 345 3654 lahella
360 3596 397 3675 ad
411 3596 494 3653 Fam.
511 3600 539 3664 9,
555 3602 584 3665 9,
601 3603 630 3654 2.
653 3625 684 3637 -
707 3596 787 3653 Vitia
801 3597 893 3653 mults
924 3593 996 3669 lipp.
1013 3603 1041 3661 2,
1058 3601 1105 3660 26,
1119 3598 1166 3655 fil.
1189 3625 1225 3639 -
1246 3595 1295 3652 Me
1310 3596 1461 3653 discessus
1475 3590 1560 3647 abac

239 3672 281 3730 ibi
301 3675 333 3730 in
353 3672 488 3748 Pompeii
508 3674 644 3729 exercitu
663 3669 786 3729 offendi.
821 3671 894 3728 Pri·
924 3672 979 3726 mia
1000 3688 1151 3747 nunquam
1172 3674 1338 3746 poenituitr
1367 3667 1560 3727 tantaeratir

239 3767 319 3805 mum
339 3767 435 3824 neque
456 3766 579 3826 magnas
601 3747 703 3823 copias
719 3765 814 3824 neque
828 3745 891 3803 bel·
923 3745 1116 3820 Pompeianis
1130 3747 1303 3813 crudelitas,
1326 3756 1410 3802 tauta
1425 3762 1488 3802 eum
1500 3739 1559 3798 har·

238 3824 365 3892 liocsas3
388 3823 512 3892 deinde,
532 3835 620 3880 extra
640 3825 750 3880 ducens
785 3841 895 3879 ancos·
923 3818 1006 3876 baris
1026 3820 1166 3897 gentibus
1181 3824 1374 3890 coniunctio,
1397 3832 1431 3878 ut
1444 3837 1500 3876 nou
1513 3834 1558 3872 no·

239 3920 296 3978 que
327 3909 484 3986 praeterea
508 3928 539 3941 -
567 3900 603 3959 de
629 3844 818 3987 principihua
844 3899 893 3955 lo·
922 3897 1075 3961 minutim,
1110 3898 1163 3955 sed
1192 3901 1359 3974 generatim
1392 3891 1556 3975 proscriptio
1610 3900 1611 3963 ζ

239 3993 374 4053 quor-
393 3975 501 4052 reliqui
521 3977 653 4051 primum
676 3976 707 4031 iu
729 3993 795 4050 ipso
816 3972 893 4031 hello
922 3973 1200 4044 essetiniprmata5
1221 3974 1333 4030 utiam
1353 3965 1558 4029 omniumiadi·
1610 3986 1611 3995 ¹

239 4069 384 4128 rapaces,
416 4051 523 4127 deinde
551 4053 582 4107 in
602 4052 739 4107 oratione
759 4052 800 4107 ita
822 4068 893 4107 era-
922 4050 970 4104 cio
989 4051 1188 4105 constitutum
1205 4051 1557 4106 essetomniumvestruu

240 4128 337 4194 deles,
369 4136 403 4183 nt
421 4129 517 4200 ipsam
538 4129 695 4184 victoriam
716 4127 891 4183 horrerem:
922 4124 1495 4200 honapraedamesseilliusvictoriae.
1527 4112 1555 4172 td

238 4204 402 4259 maximnm
421 4214 519 4258 autem
540 4221 590 4259 aes
618 4202 747 4258 alienum
769 4201 893 4277 amplis·
922 4202 985 4256 Aa.
1018 4214 1069 4267 tt,
1095 4202 1131 4267 6,
1155 4208 1182 4258 2.
1213 4230 1245 4241 -
1276 4199 1323 4257 De
1368 4200 1473 4277 ompeii
1491 4194 1556 4251 exiit

239 4281 384 4336 simorum
404 4281 552 4335 virorum.
585 4276 665 4350 Quid
675 4278 816 4354 quaeris?
837 4277 892 4334 Ni·
922 4277 994 4332 mihi
1021 4275 1145 4333 dubiam
1173 4295 1338 4353 numquam
1363 4277 1429 4334 luit.
1474 4271 1554 4328 Tacit

239 4353 281 4410 hil
302 4353 373 4411 boni
392 4364 514 4430 praeter
533 4372 666 4410 causam.
717 4351 801 4424 Quae
824 4372 892 4409 cnm
922 4355 1000 4408 enim
1028 4352 1200 4427 desperatio
1227 4370 1331 4408 rernm
1358 4359 1421 4409 eius
1443 4348 1554 4406 omniu

238 4430 393 4495 uidissem,
416 4428 580 4505 desperans
594 4429 894 4502 victoriamprimnm
922 4447 1027 4502 regum
1054 4439 1084 4484 et
1102 4428 1284 4503 populorum
1309 4430 1426 4484 animos
1444 4434 1553 4493 occupa·

239 4507 326 4580 coepi
353 4504 480 4562 suadere
506 4522 630 4580 pacem,
663 4506 748 4562 cuius
778 4505 892 4560 fueram
922 4513 987 4570 rat,
1009 4514 1059 4569 nt,
1083 4522 1263 4581 quocunque
1281 4506 1428 4579 venisset,
1449 4501 1551 4587 hoepfl·
1610 4520 1611 4523 ¹

238 4578 676 4732 :zbtttt”1ffiti.b¹titi.
692 4579 892 4723 ‘btnbt
922 4580 1204 4714 limittit.
1222 4578 1496 4721 Nttttszlfflttb
1511 4587 1550 4730 ii·
1610 4704 1611 4723 ‚

239 4731 366 4788 euadere
396 4733 529 4802 institui,
561 4745 595 4790 ut
620 4732 730 4790 bellum
759 4732 891 4789 duceret.
921 4740 1040 4801 tepruur
1061 4743 1092 4789 et
1108 4743 1225 4789 castum
1245 4743 1276 4788 et
1294 4748 1416 4807 gravem
1435 4737 1548 4803 cognon-

239 4806 306 4863 Hoc
326 4806 477 4864 interdum
497 4806 646 4883 probabat
669 4812 748 4865 etin
769 4825 803 4863 ea
823 4823 893 4864 sen·
922 4803 999 4863 Ibid.
1015 4809 1040 4874 §.
1055 4813 1084 4867 5.
1106 4837 1142 4851 -
1163 4807 1368 4865 Tristissimus
1389 4812 1448 4862 eius
1461 4802 1545 4858 exitus.

117 4882 121 4889 '
238 4885 332 4939 mutia
346 4879 581 4941 videbaturiore
593 4886 739 4942 etfuissct
750 4883 891 4951 tortasse,
923 4881 1048 4939 Tuscnl.
1065 4894 1092 4953 1,
1108 4888 1155 4953 55,
1171 4890 1218 4944 86.
1240 4913 1279 4926 -
1296 4883 1342 4939 Dc
1362 4870 1547 5003 Pompeii&
1610 4894 1611 4955 ι

238 4957 300 5016 nisi
319 4956 450 5035 quadam
476 4975 514 5016 ex
539 4978 639 5035 pugna
660 4957 811 5032 coepisset
830 4959 893 5015 suis
922 4960 975 5032 poi
998 4955 1065 5016 lilia
1089 4956 1145 5016 tihi
1171 4958 1319 5033 rescripsi
1344 4956 1419 5015 nihil
1441 4968 1482 5014 nt
1610 4962 1611 5029 1
