3288 5594
438 418 489 483 M.
516 414 717 484 TULLIUS
739 416 929 485 CICERO.
1033 408 1037 423 ⁸
1292 419 1353 483 613

36 558 133 617 lostris
147 567 341 626 statueretur,
362 558 393 614 iu
411 575 534 636 eamque
548 569 668 617 senteu-
693 559 792 617 Pausa
811 571 842 618 et
853 559 954 617 Hirtio
971 558 1142 618 consulibus
1163 561 1277 637 proelio
1298 580 1350 617 su-

36 636 88 690 iam
116 631 226 691 SCtum
254 634 365 691 iactum
393 651 458 692 esse
487 638 665 693 auctoritate
714 645 893 693 eratusaest.
936 634 1002 708 Qua
1025 638 1061 693 de
1084 639 1211 704 victoria
1233 637 1348 694 nuntiis

38 708 161 766 robatur
187 708 347 784 Pomponii
372 708 409 766 de
434 710 551 786 origiue
577 711 662 777 iuris,
694 654 819 767 lloimsa
865 710 968 768 erlatis
990 712 1098 769 Cicero
1124 712 1203 788 prid.
1229 712 1349 769 Vinalia

35 787 66 841 ui
83 786 159 842 hanc
179 795 307 842 statuam
325 803 382 861 pro
401 785 519 843 Rostris
536 787 563 843 Α
606 789 665 843 usti
692 784 733 841 X.
755 786 823 843 Kal.
875 789 913 843 ai.
935 785 1038 844 habuit
1056 791 1222 845 orationem
1244 788 1350 858 Philip·

35 860 522 919 xstaretestatur.-Posteaeum
531 861 573 920 Μ.
613 881 665 918 ru·
689 868 784 929 picam
803 862 938 916 decimam
955 873 1101 933 qiaartam,
1129 867 1159 919 iu
1180 883 1236 941 qua
1256 865 1349 919 trium
1396 893 1401 903 ι

34 956 61 993 ss
75 954 127 993 sen
139 934 176 1008 Q.
191 933 302 1011 Caepio
316 933 428 994 Brutus
445 936 481 993 de
498 936 587 995 relius
601 940 664 993 suis
693 938 908 1011 imperatorum
929 938 1056 1006 Pansae,
1078 938 1169 996 Hirtii
1187 952 1216 996 et
1237 938 1352 996 caesa-

34 1032 45 1069 ι
65 1011 241 1070 Macedouis
259 1014 351 1086 gestis
373 1011 409 1068 ad
429 1022 564 1070 senatum
584 1013 664 1069 litte·
692 1013 735 1067 ris
761 1011 921 1069 Octaviani
946 1016 1066 1071 nomine
1098 1014 1350 1090 supplicationem

34 1107 64 1144 ss
85 1078 203 1163 publide
220 1088 362 1153 misisset,
383 1088 482 1145 Pausa
495 1091 595 1146 statim
614 1106 663 1145 se·
693 1089 908 1165 quinquaginta
933 1088 1048 1145 dierum
1072 1089 1222 1157 decrevit,
1251 1090 1350 1147 Auto-

34 1173 85 1219 atu
99 1172 265 1220 convocato
285 1162 322 1219 de
341 1163 387 1220 his
403 1162 512 1221 litteris
528 1163 662 1233 rettulit3
693 1166 775 1220 nium
795 1164 904 1240 quique
925 1183 992 1221 eum
1011 1183 1047 1219 ao
1064 1177 1163 1222 esseut
1182 1167 1284 1222 hostes
1301 1167 1350 1222 iu-

33 1242 119 1295 ieero
139 1241 277 1295 oratioue
297 1239 449 1312 Philippica
466 1240 571 1292 decima
591 1258 663 1295 cen·
692 1239 853 1307 dicandus,
874 1239 993 1308 milites,
1060 1242 1070 1296 i
1092 1260 1148 1317 pro
1171 1259 1204 1297 re
1228 1239 1360 1316 publica¹

33 1318 73 1371 uit
91 1332 156 1370 euni
177 1324 207 1369 et
226 1311 264 1384 Q.
280 1311 474 1372 Hortensium
493 1332 664 1389 proconsu-
692 1317 872 1381 interierint,
894 1334 986 1372 runnu
1056 1328 1184 1393 toquam
1199 1316 1350 1392 amplissi-

33 1409 71 1446 uu
93 1387 209 1464 publice
234 1389 447 1448 collaudandos
472 1391 568 1467 iisque
590 1409 663 1465 pro·
693 1409 741 1447 mo
754 1391 1005 1459 cohonestandos,
1021 1411 1155 1469 quaeque
1168 1393 1351 1467 iispraemia

33 1467 178 1522 ineisram
190 1463 479 1523 administrationem
491 1485 528 1523 ac
542 1465 663 1523 tutelam
693 1476 813 1522 senatus
836 1466 1026 1532 decreverat,
1049 1486 1083 1525 ea
1104 1468 1290 1542 parentibus,
1311 1466 1350 1522 li·

34 1560 106 1597 orro
116 1542 356 1598 committendam
367 1560 441 1614 esse.
468 1541 583 1599 Deinde
596 1559 664 1597 cum
693 1540 786 1609 beris,
801 1539 989 1617 coniugibus,
1005 1541 1150 1600 iratribus
1165 1562 1268 1600 eorum
1301 1561 1351 1598 er-

32 1617 49 1672 l.
77 1617 225 1673 Antonias
250 1616 441 1691 Apolloniam
466 1627 597 1685 teneret,
628 1616 661 1674 C.
692 1616 837 1673 solvenda
864 1620 993 1674 censuit.
1036 1618 1080 1676 De
1107 1622 1234 1675 victoria
1258 1563 1351 1676 ulati-

32 1689 184 1748 Trehouius
215 1702 314 1747 autera
342 1692 456 1749 Asiam,
497 1693 664 1750 rovinciarn
694 1694 780 1748 aeusi
799 1692 856 1749 cfr.
878 1691 916 1748 ad
935 1693 1018 1749 Fam.
1043 1702 1088 1759 10.
1110 1702 1156 1756 50.
1186 1700 1233 1762 12,
1257 1702 1301 1753 10.

34 1765 201 1833 btinuisset,
214 1765 411 1825 P.Dolabella
423 1770 453 1824 in
490 1772 584 1841 yriam
596 1786 666 1843 pro-
730 1766 775 1823 De
792 1766 880 1827 libris
895 1769 958 1825 suis
976 1768 1094 1826 Tullius
1114 1771 1178 1844 ipse
1199 1772 1239 1826 ita
1257 1769 1352 1825 disse·

31 1841 506 1900 iciacensTrebouiumincautum
516 1841 664 1916 Smyrnae
694 1844 770 1899 ruiti
802 1842 995 1915 „Quaerenti
1022 1847 1093 1901 mihi
1116 1844 1298 1921 multumque
1321 1852 1352 1900 et

31 1920 166 1992 oppressit
178 1929 207 1974 et
221 1917 426 1975 crudelissime
437 1918 615 1976 verberibus
629 1937 664 1975 ac
695 1918 745 1974 diu
766 1920 920 1992 rogitanti,
942 1938 1070 1995 qrrsuam
1089 1939 1123 1977 re
1141 1938 1261 1994 possem
1278 1939 1353 1995 pro·

31 1992 520 2052 ormentialaceratunainterfecit.
550 1993 665 2066 Quare
694 1993 879 2069 dessequam
894 1993 1044 2069 plurimis,
1066 2014 1104 2052 ne
1122 1995 1242 2072 quaudo
1257 1999 1354 2052 iuter-

31 2069 132 2143 oguita
151 2080 273 2125 senatus
285 2066 471 2137 Dolabellam
489 2072 605 2126 hostem
623 2072 666 2126 iu·
694 2070 842 2124 mitterem
857 2069 1015 2126 consulere
1033 2074 1077 2127 rei
1095 2071 1249 2145 publicae;
1272 2071 1354 2127 nulla

34 2146 140 2213 mavit,
161 2155 191 2200 et
211 2162 279 2200 curu
298 2146 329 2201 in
348 2155 455 2201 senatu
473 2154 612 2218 ageretur
629 2146 665 2201 de
693 2145 790 2199 maior
803 2143 1001 2211 occurrebat,
1024 2148 1152 2222 quamsi
1172 2148 1354 2222 optimarum

30 2240 49 2275 m
74 2229 191 2276 aratore
209 2219 385 2296 deligendo,
409 2222 459 2297 qui
480 2220 665 2277 Dolabellam
694 2222 804 2275 artium
834 2221 898 2276 vias
928 2220 1078 2277 traderem
1110 2224 1184 2280 meis
1215 2220 1351 2278 civibus:

33 2239 91 2352 elo
105 2312 192 2370 perse
215 2305 345 2362 seretur,
362 2294 469 2353 Cicero
483 2298 611 2363 censuit,
628 2296 662 2353 C.
694 2293 774 2371 quod
793 2292 998 2369 compluribus
1020 2299 1079 2353 iani
1094 2294 1181 2354 libris
1202 2316 1249 2354 rue
1270 2294 1354 2352 arbi-

30 2315 353 2446 !sssiunrdeligeuduiu
373 2389 448 2427 esse.
482 2371 666 2444 Quamsen-
694 2381 979 2427 troreousecutum.
1008 2371 1083 2428 Nam
1097 2383 1126 2428 et
1139 2373 1291 2428 cohortati
1304 2390 1354 2427 su·

29 2446 134 2502 entiam
153 2447 327 2521 complexus
339 2458 387 2503 est
405 2448 542 2504 oratione
560 2447 666 2518 Philip·
694 2464 772 2513 mus,
795 2456 827 2501 ut
839 2448 967 2502 maxime
985 2449 1148 2522 potuimus,
1170 2449 1206 2503 ad
1222 2446 1354 2523 philoso-

29 2530 76 2576 iaa
105 2522 261 2578 undecima.
311 2521 369 2579 Cui
401 2525 568 2579 sententiae
598 2541 664 2579 cum
695 2520 781 2595 plaiae
801 2521 931 2579 studium
953 2540 988 2577 eo
1007 2521 1095 2589 libro,
1137 2525 1165 2578 ui
1182 2536 1227 2580 est
1247 2524 1355 2579 inseri·

29 2598 111 2656 'ansa
123 2597 229 2654 consul
244 2608 454 2673 repugnasset,
474 2597 581 2655 Cicero
596 2617 666 2673 pro-
694 2606 763 2671 ptus
776 2597 961 2658 Hortensium
981 2608 1026 2664 et,
1049 2542 1134 2673 quod
1148 2616 1241 2671 genus
1259 2598 1355 2673 philo·

33 2683 120 2730 uetus
143 2672 174 2727 iu
196 2675 368 2729 contionem
387 2693 404 2730 a
424 2671 546 2730 tribuno
570 2672 665 2748 plebis
695 2671 842 2746 sophandi
860 2673 982 2728 minime
998 2692 1145 2748 arrogans
1166 2675 1354 2748 maximeque

28 2748 53 2805 d.
76 2747 205 2806 Servilio
224 2747 350 2805 eandem
369 2767 489 2805 causatu
511 2749 589 2823 apud
610 2767 666 2824 po·
695 2758 725 2803 et
749 2757 894 2803 constans
921 2760 950 2805 et
976 2749 1096 2823 elegans
1121 2747 1351 2817 arbitraremur,

28 2821 114 2880 »ulum
128 2841 244 2879 summo
257 2828 320 2881 eius
334 2842 485 2881 consensu
500 2825 571 2897 egit,
586 2824 665 2901 quud
715 2833 837 2878 uattuor
851 2824 1027 2876 Academicis
1047 2822 1133 2881 libris
1152 2823 1350 2881 ostendimus.

28 2918 77 2976 pse
105 2897 210 2957 Cassio
241 2897 402 2972 significat.
443 2898 482 2956 ad
506 2898 589 2955 Fam.
619 2906 664 2967 12,
695 2841 828 2973 Eumque
855 2898 1081 2956 laudamentum
1108 2911 1188 2955 esset
1216 2899 1354 2975 philoso-

29 3015 38 3040 ,
63 2982 89 3031 1.
112 2973 273 3031 -Paullo
294 2973 665 3050 postXlV.Kal.April.
695 2972 781 3046 plaiae
802 2976 942 3048 positum
972 2976 1003 3030 iu
1025 2973 1137 3047 finibus
1162 2977 1296 3028 banorum
1323 2983 1353 3028 et

28 3048 250 3126 iuiuquatribus
264 3060 386 3107 senatus
399 3050 541 3118 decrerit,
561 3060 595 3107 nt
607 3050 666 3107 Mi·
694 3049 848 3114 maloram,
878 3059 1078 3125 perpurgatus
1106 3059 1152 3107 est
1178 3052 1202 3106 is
1230 3050 1352 3107 locusa

32 3143 123 3181 errae
137 3126 269 3183 custodis
282 3123 366 3182 urbis
380 3126 574 3183 simulacrum
584 3145 664 3183 anuo
695 3121 786 3180 nobis·
800 3124 873 3199 qaia
896 3144 932 3181 ue
953 3123 1057 3191 libris,
1080 3137 1129 3193 ut,
1152 3124 1224 3202 quid
1244 3144 1353 3201 aquo-

28 3202 168 3276 operiere
188 3200 318 3257 turbinis
340 3202 370 3256 vi
388 3200 537 3258 deiectum
558 3211 588 3258 et
604 3202 666 3259 fra·
694 3216 751 3275 que
777 3207 807 3255 et
828 3144 898 3276 quid
922 3209 1028 3258 contra
1048 3220 1196 3278 quemque
1219 3200 1354 3275 philoso-

27 3288 92 3333 tusu
103 3278 326 3333 restitueretur.
358 3276 394 3333 ad
408 3276 492 3334 Fam.
509 3282 556 3347 12,
572 3282 619 3345 25,
635 3285 662 3333 1.
693 3276 785 3350 phum
806 3275 966 3342 diceretur,
989 3276 1117 3353 intelligi
1133 3289 1244 3351 posset.
1275 3276 1351 3333 Tot·

28 3382 45 3395 -
72 3350 205 3427 Cumque
226 3351 354 3409 Antonii
379 3354 466 3409 amici
490 3355 576 3427 pacis
597 3371 665 3410 euru
695 3349 773 3407 idem
790 3349 943 3409 subsecuti
963 3351 1033 3410 libri
1050 3352 1274 3405 Tusculanarum
1291 3354 1352 3404 dis-

28 3447 44 3484 o
65 3427 213 3483 ineundae
232 3430 415 3485 mentionem
435 3428 594 3495 iecissent,
619 3446 665 3484 se·
689 3432 871 3497 putationum
889 3446 938 3484 res
951 3428 989 3484 ad
1006 3425 1092 3483 beate
1112 3430 1272 3486 uiuendum
1286 3446 1352 3483 ma-

29 3513 97 3558 stus
115 3500 231 3578 legatos
254 3501 290 3557 ad
311 3520 378 3559 eum
398 3502 532 3560 decrevit
552 3502 594 3561 Μ.
616 3502 665 3560 Ci·
694 3502 772 3556 xime
793 3505 980 3559 necessarias
1002 3512 1195 3576 aperuerunt.
1230 3503 1350 3559 Primus

28 3595 150 3634 etonem
171 3588 200 3633 et
221 3576 255 3634 P.
280 3576 452 3635 Seruilium.
490 3577 594 3653 ltaque
616 3578 664 3636 Ci·
694 3578 772 3632 enim
795 3587 842 3632 est
863 3576 900 3633 de
920 3577 1137 3633 contemnenda
1159 3588 1272 3644 morte3
1302 3596 1352 3633 sc-

27 3670 81 3709 ero
105 3654 137 3708 iu
156 3661 263 3709 senatu
285 3651 389 3710 habuit
410 3654 579 3709 orationem
601 3651 665 3708 Phi·
694 3648 810 3706 cundus
827 3650 862 3706 de
883 3652 1038 3708 tolerando
1052 3651 1172 3718 dolore;
1196 3651 1231 3708 de
1252 3655 1352 3726 aegri-

28 3734 137 3799 ppiaam
159 3728 366 3794 duodecimam,
394 3728 424 3784 in
449 3745 506 3803 qua
526 3728 605 3783 hauc
624 3726 665 3782 le·
693 3726 797 3780 tudine
814 3726 951 3783 lenienda
964 3729 1089 3795 tertius3
1112 3738 1237 3801 quartus
1251 3727 1286 3782 de
1301 3745 1351 3782 re-

29 3804 160 3859 adonem
168 3813 201 3859 ut
209 3802 344 3859 inutilem
355 3801 516 3870 dissuadet,
524 3820 557 3858 se
567 3804 663 3877 ipsum
693 3800 782 3876 liquis
800 3802 892 3857 animi
909 3801 1207 3877 perturbationibas;
1228 3804 1349 3880 quintus

28 3896 84 3934 ero
107 3876 144 3936 ad
167 3895 233 3937 eam
255 3873 425 3937 obeundam
444 3876 583 3935 idoneum
604 3895 663 3933 nou
694 3892 760 3931 eum
780 3874 879 3932 lorum
899 3877 1072 3953 complexus
1096 3886 1157 3943 est,
1187 3881 1236 3953 qui
1256 3886 1354 3934 totam·

28 3972 76 4011 sse
97 3954 292 4011 demonstrat.
325 3953 404 4010 Tum
422 3952 545 4010 consule
564 3952 664 4009 Pausa
693 3950 911 4025 philosophiam
933 3954 1061 4010 maxime
1085 3953 1232 4010 illustrat:
1262 3954 1351 4009 docet

28 4030 48 4086 d
67 4027 179 4087 bellum
199 4028 335 4104 proiecto
354 4028 397 4086 Μ.
412 4028 556 4084 Aemilius
576 4027 666 4102 Lepi·
693 4028 783 4092 euim,
806 4025 844 4083 ad
863 4024 950 4084 beate
970 4028 1131 4086 vivendum
1154 4028 1295 4084 virtutem
1317 4047 1349 4085 ae

30 4124 65 4161 us
84 4104 193 4160 litteris
213 4103 250 4160 ad
270 4114 407 4161 senatum
423 4104 524 4160 missis
541 4121 608 4159 euna
627 4102 664 4158 ad
694 4102 1029 4186 ipsscssecoutentam.
1058 4102 1173 4177 Quibus
1185 4104 1272 4160 editis
1286 4115 1347 4161 tres

29 4198 114 4237 acenr
133 4195 201 4235 eum
214 4180 348 4236 Antonio
370 4179 537 4236 faciendam
556 4179 665 4235 cohor·
694 4175 762 4232 libri
807 4179 913 4234 erfecti
933 4190 1002 4235 suut
1024 4180 1056 4232 da
1077 4182 1193 4233 lt’arara
1212 4182 1350 4246 Deorum,

28 4268 87 4313 itus
108 4263 171 4323 est;
200 4252 307 4330 quibus
334 4256 468 4312 recitatis
490 4242 557 4310 rum
579 4253 663 4310 multi
693 4252 725 4308 in
740 4196 957 4327 quilismata
975 4256 1037 4310 eius
1052 4255 1259 4333 lociquaestio
1275 4274 1350 4311 rou-

27 4332 59 4388 lii
82 4348 189 4407 paceni
210 4329 391 4396 suaderent,
416 4330 531 4388 Cicero·
545 4340 664 4386 senten·
693 4328 816 4384 tinetur.
854 4326 938 4400 Quae
959 4345 991 4386 us
1010 4330 1097 4405 plene
1118 4341 1196 4386 esset
1216 4329 1350 4386 euirrula-

31 4426 78 4463 am
98 4413 222 4479 rogatus
241 4411 399 4458 orationem
417 4405 599 4477 Philippicam
618 4405 666 4457 de-
693 4413 782 4480 teque
797 4405 942 4479 perlecta,
964 4406 998 4458 da
1013 4408 1201 4460 Divinatione
1220 4408 1350 4479 ingressi

28 4489 107 4535 'mam
128 4487 244 4534 tertiam
265 4478 384 4547 habuit,
433 4497 471 4536 ua
491 4497 578 4538 serus
598 4498 664 4537 sen·
693 4496 796 4535 sumus
818 4480 864 4536 his
884 4479 969 4536 libris
990 4481 1140 4547 seribere;
1170 4479 1277 4556 quibus
1298 4488 1350 4548 (ut

29 4558 145 4613 eutium
163 4554 331 4613 rationibus
357 4499 519 4613 eouiutatis
545 4557 665 4626 negarit
693 4561 740 4610 est
759 4556 790 4610 iu
807 4557 921 4629 auimo)
941 4556 975 4607 de
987 4558 1059 4610 Fato
1073 4559 1099 4612 si
1114 4556 1348 4623 adiunxerimus,

28 4651 112 4690 acem
133 4649 201 4689 enm
220 4627 262 4688 Μ.
277 4633 412 4689 Antonio
434 4635 555 4709 eiusque
573 4632 664 4687 sociis
694 4630 752 4685 erit
782 4625 900 4687 abunde
936 4633 1009 4687 satis
1044 4633 1154 4688 laetum
1190 4635 1244 4687 toti
1279 4632 1349 4688 huic

28 4725 188 4784 rseposse.
217 4706 314 4765 Simul
327 4707 452 4782 epistola
466 4706 504 4763 ad
518 4707 664 4782 Lepidum
693 4708 873 4780 quaestioni.
910 4707 951 4763 m
974 4727 1009 4763 ue
1030 4708 1076 4764 his
1096 4705 1180 4762 libris
1204 4725 1349 4763 annume-

28 4786 121 4859 :ripta
141 4783 291 4859 (adFaru.
314 4790 368 4848 10,
389 4781 450 4855 27.)
464 4799 549 4849 eum,
575 4800 612 4838 ne
632 4798 665 4836 se
694 4779 782 4836 randi
794 4789 865 4837 suut
877 4799 931 4837 sex
949 4725 982 4834 j,
997 4783 1036 4835 Ra
1047 4783 1167 4854 paiblica,
1188 4800 1263 4858 quos
1278 4794 1350 4838 tuuc

28 4881 37 4916 i
58 4863 149 4916 istam
159 4856 399 4992 pacificationem
416 4858 598 4988 interponat,
620 4855 665 4914 di·
693 4858 880 4930 scripsimus,
899 4874 966 4913 enus
980 4855 1181 4932 gubernarula
1197 4859 1239 4912 rei
1254 4858 1351 4933 publi·

30 4946 139 4993 venter
178 4944 360 4991 ortatur·
379 4931 464 4989 Μ.
516 4931 663 4989 VILKal.
694 4947 746 4986 cae
765 4931 953 4988 tenebamnsa
973 4931 1199 5007 maguuslocus
1220 4935 1352 5007 philoso-

28 4984 107 5071 lsias
123 5010 275 5077 Antonius
288 5007 366 5099 apud
379 5007 525 5071 Mutinam
537 5007 665 5071 ducibus
692 5006 839 5092 phiaeque
851 5010 1012 5099 proprius,
1040 5028 1057 5069 a
1075 5006 1211 5085 Platone,
1233 5010 1351 5079 Aristo·
