3418 5588
252 293 295 357 1ο
392 318 393 322 ¹
560 294 603 359 r.
626 242 812 359 numus:
836 294 880 358 ι.
904 293 944 359 r.
969 292 1094 359 Μιιο
1117 292 1364 359 Parianus

251 435 291 491 tis
311 432 506 510 gladiatoriae
529 434 659 492 familiae
680 433 822 520 reliquias
847 436 903 491 ha·
930 432 1127 512 interrogatio
1159 433 1195 490 de
1224 452 1293 489 aere
1324 433 1421 512 alieno
1446 430 1582 490 Milonis.

250 508 358 579 bebat,
381 510 510 581 djsmssis
534 512 649 566 circum
669 511 831 585 municipia
852 510 902 565 lit-
929 510 1081 585 Pragmm.
1138 551 1144 564 .
1168 512 1234 569 156.
1256 528 1341 586 seqq.
1373 538 1405 549 -
1436 509 1585 566 Maximus

249 587 324 643 teris
355 604 405 653 ea,
436 604 512 663 qnae
539 587 667 653 faceret,
701 588 786 643 iussu
813 594 901 660 atque
930 586 1051 662 plausus
1067 588 1095 643 ei
1112 528 1198 641 datus
1215 590 1477 655 est(a.u.c.700·)
1495 594 1586 640 etta-

250 659 378 735 imperio
408 661 509 718 facere
537 661 689 737 Pompeii,
718 678 794 739 quae
817 679 903 716 man·
930 678 998 718 men
1012 662 1061 717 ille
1096 661 1209 734 lausus,
1228 661 1333 738 quiilli
1344 660 1441 728 datur,
1498 658 1586 716 odam

250 737 318 791 data
340 735 376 792 ad
396 754 429 793 se
449 746 511 811 per
517 736 659 795 Bibulum
678 737 774 794 delata
789 745 899 799 essent,
931 735 1019 793 modo
1033 681 1120 793 nobis
1131 734 1250 792 videtur
1265 735 1341 793 dari.
1352 735 1388 791 ad
1401 734 1437 807 Q.
1473 754 1500 791 r.
1512 740 1541 801 5,
1556 746 1584 800 1,

250 830 325 887 quos
345 829 382 866 ex
402 822 471 868 aere
493 812 591 870 alieno
611 812 750 870 laborare
771 809 902 868 arbitra-
932 816 964 878 0,
988 817 1033 871 15.
1060 841 1090 851 -
1112 811 1176 887 Ege
1202 818 1246 882 (a.
1270 830 1300 867 u.
1324 830 1351 867 c.
1373 810 1455 885 701.)
1485 810 1587 865 omnia

248 884 355 954 hatur,
383 885 573 944 sollicitabat.
614 887 702 964 Apud
732 906 808 963 quos
835 904 902 941 curn
931 906 995 943 mea
1025 886 1140 953 studia,
1172 904 1289 942 omnem
1319 904 1443 960 operam
1472 902 1585 950 meant,
1630 939 1634 947 ,

260 959 399 1019 traiicere
418 963 492 1019 nihil
511 973 630 1037 posset,
653 962 830 1040 quibusdam
851 980 902 1017 so·
931 962 1126 1029 industriam,
1142 963 1370 1036 cogitationem,
1388 970 1518 1016 mentem
1531 960 1588 1014 de-

261 1035 320 1092 utis
334 1038 509 1113 ergastulis,
525 1038 627 1092 Cosam
639 1040 669 1094 in
681 1056 755 1115 agro
766 1036 902 1093 Thurino
932 1039 1021 1114 nique
1039 1055 1158 1093 omnem
1177 1041 1207 1093 iu
1221 1037 1344 1094 Milonis
1364 1034 1520 1093 consulatu
1533 1032 1588 1091 fixi

250 1131 425 1189 oppugnare
440 1114 549 1189 coepit.
577 1114 622 1171 Eo
642 1111 794 1186 cnuiaQ.
809 1111 902 1168 Pedio
932 1123 961 1167 et
983 1113 1082 1169 locavi
1107 1115 1255 1188 statuique
1278 1114 1310 1168 in
1332 1131 1368 1169 eo
1389 1130 1436 1167 me
1458 1129 1520 1167 nnn
1540 1109 1589 1166 ol·

250 1197 391 1263 praetore
427 1206 495 1245 cum
523 1189 640 1265 legione
671 1190 688 1221 ⁰
712 1187 729 1221 ⁰
755 1188 771 1223 ⁰
803 1186 902 1263 lapide
931 1187 991 1246 licii
1010 1190 1108 1246 solmn
1128 1186 1272 1254 nummu,
1293 1187 1450 1244 sedetiam
1466 1185 1588 1261 pietatis

250 1270 327 1320 ictus
351 1281 388 1320 ex
407 1282 495 1319 mure
517 1265 617 1339 periit.
648 1263 759 1322 Caesar
782 1263 847 1320 civ.
873 1267 901 1328 5,
932 1263 1049 1320 laudem
1070 1262 1179 1320 debere
1203 1281 1358 1339 quaerere.
1386 1262 1423 1319 ad
1444 1261 1528 1317 Fam.
1556 1265 1586 1325 2,

249 1344 296 1395 22.
320 1368 352 1379 -
382 1336 442 1398 Ubi
471 1339 629 1396 Cluverius
662 1340 745 1409 (Ital.
779 1347 840 1394 ant.
872 1347 900 1396 2.
931 1345 965 1408 6,
987 1348 1014 1402 5.
1039 1368 1069 1380 ·—
1092 1339 1251 1413 Porupeius
1266 1338 1373 1396 Miloni
1395 1337 1469 1393 nihil
1482 1333 1590 1392 tribuit

249 1433 281 1489 p.
297 1419 394 1483 1205.)
407 1412 556 1489 probante
570 1415 748 1471 Drumanne
760 1414 785 1470 1.
807 1434 837 1489 p.
854 1420 900 1472 51.
932 1426 962 1473 ct
980 1417 1078 1471 enanis
1100 1413 1219 1479 Guttae,
1245 1413 1379 1486 (Milonis
1398 1412 1591 1486 competitori

250 1491 424 1554 Caesenam,
464 1490 635 1556 (castellum
666 1491 732 1567 agri
762 1490 903 1555 Thurini)
933 1495 962 1548 in
978 1489 1166 1564 consulatue)
1180 1488 1309 1566 dicitque
1324 1508 1356 1545 se
1370 1490 1585 1565 perfecturum.

249 1582 267 1618 a
294 1563 424 1621 Caesare
458 1567 605 1641 scriptum
641 1584 705 1623 esse
738 1564 901 1621 contendit.
932 1566 1037 1623 utillo
1061 1565 1173 1623 Caesar
1195 1562 1357 1622 incumbat.
1398 1563 1463 1620 Hoc
1484 1565 1592 1618 horret

249 1639 381 1696 Velleius
403 1645 436 1707 2,
456 1646 502 1700 63.
531 1641 590 1698 Dio
603 1644 718 1707 112,25.
735 1639 904 1697 -Milonis
933 1640 1023 1708 Milo,
1052 1654 1110 1698 nec
1130 1642 1258 1697 iniuria:
1283 1650 1313 1695 et
1335 1642 1361 1697 si
1383 1639 1431 1696 ille
1458 1638 1611 1694 dictator.

249 1713 353 1771 laudes
382 1715 527 1789 insignes.
559 1735 615 1791 pro
645 1715 743 1774 Sestio
772 1716 825 1783 10,
843 1722 902 1777 tt.
932 1720 1028 1776 lactus
1056 1719 1112 1783 sit,
1147 1734 1243 1792 paene
1273 1713 1392 1772 diffidit.
1426 1742 1457 1754 -
1488 1709 1592 1770 Ludos

251 1808 335 1921 seqp.
360 1819 391 1830 -
413 1788 532 1848 Honori
557 1810 672 1849 summo
699 1794 727 1849 ei
752 1792 826 1859 fuit,
854 1791 905 1867 qui
934 1801 1062 1869 apparat
1088 1788 1418 1866 magnificentissimos.
1453 1789 1514 1854 sic,
1543 1792 1593 1844 in-

250 1864 299 1939 gla
322 1863 470 1921 iaterihns
492 1885 538 1922 em
561 1869 600 1924 tis
619 1869 663 1924 rei
680 1865 818 1943 publicae
833 1884 905 1921 cau·
934 1887 1033 1944 quarm
1057 1876 1091 1922 nt
1109 1885 1197 1924 nemo
1220 1869 1473 1942 sumptuosiores3
1500 1861 1592 1920 stulte

134 1952 137 1959 ’
252 1958 284 1995 sa
320 1958 423 1996 omnes
460 1941 493 1998 P.
553 1942 625 1999 lodii
657 1953 782 1999 conatus
817 1942 906 1999 furo·
934 1938 1184 2019 bisterque.'(a.
1207 1961 1238 1997 u.
1261 1960 1288 1998 c.
1316 1949 1394 2008 700.)
1415 1940 1452 1997 ad
1473 1938 1590 2029 Q3Fr.

139 3756 146 3761 “
254 3746 314 3801 teri

250 2032 358 2146 resipis
382 2020 570 2105 cainpressit.
592 2019 630 2105 de
654 2016 715 2076 011.
733 2011 836 2105 2¹17,
859 2021 904 2104 §ll-
934 2024 969 2088 5,
985 2027 1019 2085 8.
1033 2021 1074 2106 ⁶:
1093 2020 1130 2076 '0
1149 2019 1179 2087 M
1198 2016 1343 2090 μαίνεται
1360 2017 1418 2074 οὐκ
1438 2011 1474 2074 ’ἐτ’
1500 2034 1593 2100 erea-

254 2120 284 2130 -
336 2108 462 2147 enoris
485 2091 615 2150 tribunis
634 2093 676 2169 pl.
702 2103 748 2150 est
769 2092 820 2150 ille
840 2111 908 2170 qut-
935 2098 1003 2160 τῶς,
1025 2112 1076 2169 qm
1089 2092 1174 2150 ludos
1189 2092 1249 2155 Hs·
1264 2091 1298 2149 C.
1315 2099 1480 2166 comparet.
1512 2086 1592 2146 Ibid.

251 2165 371 2221 demin
389 2184 436 2221 me
456 2165 695 2226 officiosissimus
713 2167 845 2236 Sestius,
865 2177 905 2234 et,
936 2177 970 2234 9,
991 2177 1019 2227 2.
1050 2198 1080 2209 -
1110 2169 1173 2226 Cir.
1203 2177 1297 2223 totam
1323 2167 1531 2224 Milonianam.
1556 2193 1588 2204 —

251 2258 357 2315 spero,
382 2240 507 2311 Curius,
530 2242 623 2313 Milo,
647 2244 774 2309 Fadius.
798 2241 907 2300 Fabri·
935 2245 1072 2303 Dictator
1097 2253 1162 2301 erat
1180 2240 1309 2301 Lanuvii
1332 2242 1416 2299 Milo.
1452 2258 1509 2316 pro
1530 2238 1594 2297 Mi·
1691 2272 1692 2287 ι

251 2317 326 2372 cius.
355 2320 394 2385 (a.
415 2336 445 2373 u.
467 2335 493 2373 c.
518 2324 599 2388 696.)
632 2320 669 2377 ad
690 2319 727 2391 Q.
749 2318 800 2375 Fr.
825 2327 852 2388 1,
876 2323 906 2399 lt.
936 2321 1004 2377 leue
1026 2328 1078 2386 10,
1103 2325 1149 2377 27.
1174 2349 1204 2360 -
1227 2319 1262 2376 P.
1286 2318 1423 2375 Clodium
1452 2319 1483 2371 iu
1513 2316 1594 2372 iudi-

250 2398 278 2453 5·
306 2419 338 2432 -
369 2390 492 2449 Milonis
519 2393 623 2450 domus
649 2397 682 2451 in
710 2394 850 2452 Cermalo
879 2402 909 2449 et
936 2396 1014 2451 cium
1035 2393 1100 2462 bis,
1127 2394 1166 2451 ad
1190 2395 1251 2451 vim
1277 2411 1429 2470 nunqnam
1457 2391 1590 2447 vocarit.

250 2465 402 2523 Anniana.
431 2467 469 2525 ad
487 2469 551 2526 Att.
576 2472 610 2537 lt.
633 2475 667 2537 5,
691 2470 907 2529 5.-ΜίΙοιιίιι
935 2469 1011 2527 Ibid.
1034 2476 1086 2536 15,
1106 2475 1151 2530 00.
1173 2500 1205 2511 -
1227 2468 1290 2526 Cic.
1315 2469 1412 2525 oratio
1429 2485 1486 2542 pre
1505 2484 1540 2522 eo
1555 2483 1592 2520 re

251 2546 462 2599 contentiones
483 2562 551 2600 cuin
568 2545 603 2601 P.
620 2544 725 2602 Clodio
746 2554 776 2601 et
789 2547 826 2618 Q.
842 2545 908 2602 Me·
936 2564 1007 2603 vera
1027 2544 1139 2602 habita.
1166 2545 1317 2618 Fragmm.
1342 2564 1373 2620 p.
1389 2547 1455 2601 059.
1479 2570 1510 2581 -
1532 2540 1595 2598 Mi-

251 2617 323 2674 tello
345 2617 460 2694 Nepote
484 2637 511 2674 a.
537 2620 566 2676 d.
590 2620 660 2677 XII.
684 2620 751 2679 Kal.
779 2621 853 2677 Dee.
878 2639 905 2677 a.
936 2622 1067 2678 looiaua.
1097 2622 1183 2678 Orat.
1204 2625 1256 2687 19,
1280 2622 1344 2679 165.
1374 2647 1404 2658 -
1433 2614 1594 2691 Quomodo

251 2709 281 2747 ιι.
304 2700 413 2752 cest.
433 2692 512 2751 lbid.
535 2708 559 2759 e.
581 2696 908 2754 tn-clodiumocci-
936 2716 993 2773 pro
1014 2715 1050 2753 ee
1071 2697 1130 2753 diei
1150 2696 1293 2752 decuerit.
1323 2694 1395 2768 Opt.
1414 2692 1592 2767 genonis,

253 2785 318 2822 sum
341 2770 380 2823 iri
402 2766 440 2824 ab
463 2771 472 2824 i
496 2787 530 2826 so
556 2770 668 2828 Milone
697 2770 796 2829 uideo.
829 2770 906 2827 lbid.
941 2766 1592 2848 10.-ssnPompeio)beneliciu1nsequor,

194 2916 196 2925 Ι
252 2844 278 2909 h.
302 2845 330 2900 5.
362 2840 444 2907 ¹Ibid.
469 2788 526 2918 ἕρ.
550 2851 597 2903 12.
622 2875 653 2885 -
675 2845 909 2921 Exspectatinne
938 2866 998 2903 non
1023 2865 1158 2915 causam,
1189 2849 1277 2902 utin
1301 2844 1423 2902 Milone.
1465 2842 1503 2899 ad
1524 2842 1592 2898 Att.

253 2917 385 2973 oninium
405 2918 571 2976 fortissimo
592 2928 621 2977 ct
641 2920 808 2977 clarissimo
828 2923 906 2987 vire,
938 2930 974 2989 9,
1000 2928 1033 2990 7,
1057 2930 1085 2984 5.
1109 2951 1139 2961 -
1161 2921 1240 2978 Nolo
1267 2939 1334 2976 cmn
1362 2919 1506 2995 Pompeio
1535 2935 1596 2994 pu-

253 2991 291 3048 T.
312 2993 566 3062 Annio„deruta
597 3005 628 3051 et
659 2999 821 3053 constituta
851 2998 908 3053 ista
938 2994 1245 3073 guaredeGabini03
1266 2996 1339 3053 satis
1361 3003 1421 3061 est,
1444 2992 1523 3071 quod
1544 2996 1596 3048 in-

253 3068 351 3124 hostia
374 3068 426 3134 (P.
455 3068 595 3138 Clodius)
621 3088 686 3127 esse
712 3072 840 3128 videtur.
873 3073 909 3128 de
938 3081 998 3130 stat
1020 3073 1056 3129 de
1078 3071 1202 3129 Milone.
1232 3093 1259 3129 a.
1284 3090 1312 3126 ιι.
1339 3090 1366 3127 c.
1393 3076 1456 3130 700.
1493 3068 1530 3125 ad
1554 3067 1594 3141 Q.

252 3143 386 3218 Haruap.
414 3162 495 3219 resp.
516 3149 550 3215 5,
576 3153 604 3206 6.
629 3174 659 3185 -
689 3146 844 3203 Tribunus
867 3146 907 3221 pl.
938 3147 989 3204 Fr.
1011 3152 1046 3215 5,
1071 3155 1103 3209 2,
1125 3155 1154 3204 2.
1178 3177 1209 3188 ·-
1231 3147 1352 3204 Milonis
1374 3142 1465 3215 hona.
1494 3145 1593 3219 (aar.

253 3238 281 3274 a.
304 3236 334 3275 ιι.
356 3237 383 3274 c.
402 3222 470 3279 697.
490 3218 526 3275 Ρ.
549 3221 687 3278 Clodium
705 3220 741 3278 dc
758 3225 789 3280 vi
805 3232 910 3299 postu·
938 3243 965 3280 c.
987 3229 1067 3290 705.)
1089 3222 1206 3280 Caelius
1231 3223 1269 3280 ad
1288 3221 1372 3279 Fam.
1397 3230 1430 3287 0,
1452 3223 1481 3286 5,
1506 3226 1534 3277 2.
1558 3248 1592 3259 -

253 3293 339 3350 lavit.
367 3293 578 3369 Amplissimae
602 3297 665 3352 eius
688 3297 801 3354 laudes.
837 3297 911 3354 Post
937 3301 976 3356 A.
997 3318 1028 3355 ιι.
1052 3318 1080 3355 c.
1104 3303 1169 3359 705.
1197 3296 1380 3374 querebatur
1399 3315 1455 3371 per
1475 3295 1595 3351 litteras

253 3367 320 3425 red.
345 3368 375 3424 in
396 3387 460 3425 sea.
478 3378 576 3439 0,19.
603 3371 812 3440 Ibid.12,so.
836 3375 911 3430 Post
939 3375 1078 3431 iniurium
1110 3375 1284 3439 Ciceronis,
1313 3371 1392 3449 quod
1415 3369 1595 3427 Philotimus

256 3443 322 3499 red.
346 3442 384 3500 ad
408 3443 494 3517 Quir.
519 3450 554 3515 6,
581 3453 626 3506 15.
651 3477 682 3488 -
705 3448 803 3507 Unum
829 3450 910 3504 acci·
939 3452 1037 3506 socius
1058 3459 1137 3507 esset
1157 3452 1187 3505 in
1210 3448 1298 3505 honis
1317 3450 1390 3503 suis.
1419 3445 1458 3503 ad
1481 3447 1546 3501 Att.
1562 3449 1595 3511 5.

255 3519 300 3574 dit
328 3519 529 3596 imprudentia
558 3521 682 3580 Milonis
711 3525 907 3589 incommode.
939 3534 972 3592 8,
989 3532 1016 3585 2,
1044 3523 1281 3600 lb.t3p.10,e.
1310 3523 1443 3580 Vocatur
1463 3530 1598 3597 Κροιω-
1691 3576 1692 3581 ,

256 3592 294 3650 de
324 3592 417 3651 Sexto
448 3595 571 3654 Clodio:
611 3616 699 3676 quem
725 3618 821 3676 neque
853 3599 910 3675 hoc
939 3606 1045 3670 νιάνης
1064 3600 1317 3675 τυραννοκτόνος.
1348 3594 1393 3652 lh.
1416 3593 1485 3652 Lib.
1506 3598 1542 3660 6,
1562 3594 1595 3662 l,

253 3678 390 3801 tempere
417 3688 513 3747 neque
532 3672 576 3748 'ah
602 3673 759 3731 imbecillis
786 3692 910 3731 aecusa—
940 3681 965 3737 5.
1000 3672 1046 3731 lb.
1070 3674 1127 3751 Ep.
1150 3683 1184 3743 7,
1208 3683 1234 3732 1.
1258 3703 1289 3714 -
1312 3671 1424 3730 Caesar
1444 3667 1599 3746 quereba-

337 3763 373 3801 us
396 3748 467 3802 mihi
496 3748 609 3822 placuit
634 3752 781 3806 accusari.
812 3754 857 3818 (a.
878 3769 908 3804 ιι.
938 3761 988 3807 tur
1008 3750 1044 3806 de
1062 3750 1174 3807 Milone
1206 3767 1261 3824 per
1286 3750 1347 3805 vim
1369 3755 1407 3815 (a
1426 3744 1599 3820 Pompeio)

257 3838 283 3875 c·
305 3824 384 3899 6983)
405 3824 442 3878 ad
464 3821 501 3893 Q·
517 3822 568 3879 Fr.
591 3832 618 3892 2,
640 3827 668 3892 6,
690 3828 718 3883 6.
748 3825 810 3883 Cir.
832 3823 908 3881 lbid.
940 3825 1074 3902 expulso.
1110 3826 1148 3882 ad
1179 3826 1243 3881 Att.
1274 3832 1308 3891 9,
1337 3827 1389 3888 tt.
1419 3830 1447 3880 2.
1472 3819 1598 3892 -Qua

256 3894 313 3971 Ep·
337 3904 363 3957 7:
388 3910 418 3937 ..s
441 3897 479 3953 A.
502 3916 532 3957 u.
555 3918 580 3956 c.
600 3904 666 3960 698.
689 3901 725 3956 de
744 3904 911 3959 viaccusa-
939 3903 1097 3969 facilitate,
1133 3920 1190 3977 qua
1219 3902 1401 3956 humanitate
1433 3896 1599 4026 Pompeius

256 3980 343 4026 tusa
372 3971 406 4028 P.
429 3972 546 4030 Clodio.
577 3994 634 4051 pro
661 3974 761 4033 Sestio
787 3982 839 4044 01,
862 3981 909 4034 95.
939 3978 1006 4034 tulit
1029 3980 1252 4033 contentionem
1274 3993 1369 4031 meam
1390 3992 1446 4047 pro
1467 3971 1508 4028 Mi
1521 3987 1597 4034 one.

255 4044 334 4103 Ibid.
354 4051 409 4116 69,
431 4053 495 4108 ill.
526 4079 557 4090 ··
585 4051 613 4107 A
633 4051 668 4108 P.
690 4052 794 4110 Clodio
817 4051 910 4109 aedile
940 4050 1311 4110 adversanteminterdum
1324 4046 1492 4106 actionibus
1514 4045 1600 4102 suis!

258 4121 295 4177 de
315 4123 345 4178 vi
368 4134 524 4181 accusatus
548 4126 626 4201 apud
649 4129 792 4203 populum
809 4146 910 4184 meuse
940 4128 977 4184 ad
996 4128 1078 4185 Pam.
1102 4133 1130 4193 5,
1152 4135 1198 4191 10,
1222 4132 1268 4183 10.
1292 4156 1324 4167 -
1344 4124 1380 4181 In
1400 4142 1467 4181 emu
1485 4122 1599 4182 falsum

143 4252 147 4257 .
257 4194 349 4253 Febr.
370 4216 400 4254 a.
416 4217 447 4254 u.
463 4219 489 4256 c.
504 4203 571 4261 698.
606 4202 644 4260 ad
664 4202 702 4275 Q.
719 4203 771 4260 Fr.
792 4209 819 4271 2,
837 4208 909 4268 5,1.
939 4201 1229 4260 testimoniumdixit
1241 4200 1276 4257 P.
1292 4200 1445 4267 Vatinius;
1467 4197 1600 4253 eundem

261 4300 292 4311 -
308 4272 370 4328 Pro
392 4291 428 4331 eo
448 4274 524 4332 dixit
541 4277 701 4353 Pompeius
715 4297 741 4333 a.
754 4297 783 4333 u.
799 4297 826 4338 c.
841 4282 908 4338 698.
962 4278 1198 4335 ostealaudavit.
1215 4280 1247 4333 iu
1262 4277 1415 4334 Vatinium
1436 4281 1480 4342 17,
1496 4275 1545 4330 lto.
1561 4300 1595 4311 -
1633 4289 1643 4301 ·

258 4346 296 4402 ad
313 4346 397 4405 Fam.
413 4349 526 4417 1,5.b.
542 4353 673 4409 t.—De
685 4353 805 4410 Milonis
824 4354 912 4411 iami—
940 4299 976 4410 ln
995 4372 1029 4410 re
1066 4351 1162 4409 nhlica
1185 4350 1420 4409 administranda
1437 4349 1474 4405 T.
1490 4348 1599 4405 Annio

256 4421 386 4478 liaritate
405 4425 441 4482 P.
459 4426 605 4484 Lentulus
620 4427 764 4503 Spinther
779 4431 913 4506 gratula-
941 4447 1008 4485 cuin
1043 4373 1077 4484 11.
1107 4426 1207 4484 Sestio
1236 4427 1428 4485 consiliorum
1463 4423 1600 4483 omnium

239 4494 347 4553 ‘batur
370 4497 521 4558 Ciceroni.
561 4502 638 4560 Ibid.
669 4511 705 4570 7.
731 4510 758 4563 7.
782 4535 813 4546 ·-
838 4506 913 4563 Cum
940 4505 1069 4562 societas
1087 4504 1151 4559 fuit.
1180 4500 1257 4560 Ibid.
1280 4516 1304 4567 e.
1327 4506 1374 4560 41.
1399 4530 1431 4542 -
1454 4499 1517 4558 Cir.
1534 4512 1602 4554 em·

257 4588 294 4628 eo
314 4573 346 4628 in
369 4578 497 4647 gratiam
517 4579 609 4635 rediit
634 4579 667 4636 C.
691 4580 777 4639 Cato.
809 4585 855 4649 (a.
879 4600 910 4638 n.
941 4581 1013 4637 nino
1038 4579 1164 4636 Asconii
1186 4586 1391 4656 argumentum
1413 4576 1599 4634 Milonianae

258 4664 285 4701 c.
310 4654 388 4717 700.)
424 4653 462 4706 ad
483 4652 546 4709 Att.
575 4656 610 4723 lt,
640 4662 691 4723 16,
720 4662 748 4717 5.
778 4687 808 4698 -
837 4658 913 4715 Eum
964 4662 1039 4716 .51.
1069 4673 1153 4733 seqq.
1193 4654 1242 4711 Ex
1269 4654 1407 4710 Lanuvio
1437 4648 1598 4709 oriundus.

259 4722 366 4811 Cicero
408 4744 477 4782 cnm
515 4731 753 4789 commendasset
789 4732 912 4790 Caesari
940 4676 1016 4788 ltin.
1050 4751 1082 4806 p.
1103 4738 1150 4793 52.
1190 4729 1237 4787 Ειι
1262 4731 1372 4788 lamilia
1401 4730 1458 4785 fuit
1482 4727 1596 4802 Papia,

259 4816 340 4856 circa
359 4818 386 4856 a.
402 4819 432 4858 n.
451 4819 478 4857 c.
495 4810 571 4873 700.,
589 4804 682 4866 verba
697 4807 852 4865 Ciceronis
865 4808 913 4863 lu·
941 4806 1048 4864 deinde
1063 4806 1219 4880 adoptatus
1238 4804 1274 4862 ab
1289 4805 1322 4864 C.
1339 4804 1399 4875 (Τ.)
1410 4804 1521 4870 Annio,
1536 4820 1597 4857 ave

258 4876 297 4939 sit
317 4875 441 4941 Caesar.
471 4877 509 4941 ed
530 4878 613 4945 Fam.
637 4888 664 4957 7,
689 4888 716 4967 6,
740 4891 768 4961 5.
793 4913 823 4926 -
847 4883 909 4943 Cic.
940 4902 994 4949 sue
1013 4891 1161 4948 natans.
1182 4879 1261 4951 Ibid.
1278 4900 1308 4961 p·
1329 4885 1376 4948 st.
1404 4879 1514 4943 Variae
1531 4880 1597 4941 ciue
