3288 5594
280 394 343 461 em
708 388 761 459 m.
783 388 985 497 ruimus
1009 384 1200 460 crosno.

272 547 371 603 retur,
393 534 525 608 nihilque
539 536 716 595 intentatum
730 535 927 611 relinqueret,
958 535 1088 609 perisset
1113 532 1148 591 P.
1172 533 1331 591 Lentulum
1356 526 1465 591 Suram
1487 532 1574 609 legunt

275 612 383 672 Cicero
402 630 440 667 ex
461 610 540 669 scio
565 609 661 685 legem
686 609 755 667 tulit
775 610 813 668 ed
834 629 930 686 popu·
958 608 1155 684 Allobrogum
1168 606 1238 666 belli
1249 608 1445 684 Transalpini
1457 619 1485 665 et
1494 611 1576 666 tunel-

272 691 352 755 lum,
383 697 416 744 ut
440 687 478 743 ed
496 703 631 818 poenam
656 683 785 743 ambitus
811 687 930 742 crimini
957 695 1006 742 tus
1020 684 1130 771 Gallici
1149 684 1300 742 excitandi
1320 703 1411 742 eausa
1424 684 1576 753 sollicitasse,

273 762 932 913 :tlt-¹5:¹3?...stttttgtttt‘l'tt
959 760 1578 914 tltetitllztlltuttttat

272 915 414 980 biennio,
445 931 505 988 quo
528 914 595 1044 spuis
622 921 718 986 petat,
744 916 930 987 petiturusre
960 931 1016 987 que
1037 913 1073 968 ad
1088 911 1248 969 Catilinam
1264 929 1330 968 esse
1343 913 1464 979 missos,
1482 914 1577 988 itemqu

274 994 326 1059 eit,
342 989 523 1065 gladiatores
556 1005 617 1056 are,
634 988 693 1043 uisi
705 1006 742 1044 ex
753 998 930 1049 testamento
960 989 995 1044 iis
1024 987 1197 1044 adiunctum
1223 1005 1289 1044 esse
1309 986 1495 1044 Volturcium
1516 998 1579 1062 atque

273 1067 452 1146 praestituta
477 1062 535 1120 die.
574 1065 604 1119 in
625 1061 724 1120 Vetin.
745 1069 797 1130 15,
820 1068 867 1123 57.
897 1091 928 1103 -
960 1063 1029 1119 huic
1048 1062 1135 1119 dates
1155 1080 1221 1118 esse
1247 1063 1285 1119 ed
1304 1061 1466 1119 Catilinam
1484 1060 1579 1128 litterar,

273 1174 312 1190 ·-
331 1141 410 1198 Tum
429 1156 498 1195 eum
516 1140 636 1195 comitia
656 1140 829 1195 consularia
849 1136 930 1195 indi·
960 1138 1068 1196 Cicero
1087 1137 1124 1194 L.
1146 1137 1268 1195 Valerio
1287 1137 1401 1195 Flacco
1422 1149 1451 1193 et
1468 1136 1500 1195 C.
1517 1137 1580 1194 Pea-

274 1230 321 1276 ete
337 1217 565 1273 essentineute
579 1216 656 1271 diem
670 1214 739 1271 XII.
755 1214 821 1271 Kal.
837 1213 929 1279 Nom,
959 1214 1056 1288 ptiuio
1097 1212 1266 1272 rectoribus
1288 1214 1462 1288 imperarit,
1482 1223 1512 1267 nt
1526 1213 1582 1288 lege

275 1294 383 1353 Cicero
405 1289 506 1367 pridie
533 1289 568 1346 de
596 1291 805 1347 coniuratione
827 1288 932 1347 Catili·
960 1298 1007 1345 tos
1032 1233 1232 1366 Allithrogum
1257 1289 1295 1346 ad
1363 1298 1447 1345 ntem
1470 1286 1580 1346 dlulaim

273 1387 332 1427 nee
359 1368 396 1424 sd
424 1376 560 1423 senatum
580 1364 705 1425 rettulit.
743 1366 865 1422 Factum
887 1376 933 1421 cst
960 1365 1260 1441 comprehenderent.
1325 1377 1354 1422 te
1401 1382 1418 1421 e
1450 1382 1477 1418 a.
1501 1364 1527 1420 d.
1545 1363 1579 1419 ll.

274 1443 405 1503 SCtum:
427 1440 729 1517 videreutcousules,
746 1461 783 1499 ne
818 1442 869 1499 uid
882 1459 931 1497 res
959 1439 1040 1497 Non.
1063 1439 1224 1499 Decembr.
1244 1442 1333 1497 tertie
1371 1456 1425 1496 ere
1445 1438 1581 1514 sigilines·

273 1519 394 1597 publica
423 1519 595 1574 detrimenti
622 1528 753 1592 caperet.
794 1462 931 1575 Comitiis
960 1527 1038 1583 ecta,
1061 1535 1128 1573 cum
1149 1519 1208 1573 iam
1226 1526 1348 1592 pontem
1368 1516 1461 1592 legati
1473 1513 1581 1571 Allobro·

274 1591 486 1661 consularibus
503 1592 632 1649 Catilina
653 1594 760 1649 iterum
775 1593 931 1668 'repulsam
960 1610 1030 1666 gum
1055 1591 1173 1670 ingredi
1193 1594 1380 1667 inciperent,
1406 1608 1518 1666 unaque
1535 1589 1582 1644 lul·

274 1672 359 1739 tulit,
384 1666 559 1726 consulibua
580 1671 691 1724 creetis
712 1668 749 1725 D.
770 1667 858 1725 lunio
878 1666 931 1724 Si·
960 1670 1093 1735 turcius,
1120 1666 1155 1725 lit
1183 1669 1214 1723 iu
1234 1685 1285 1724 eos
1305 1669 1459 1740 impetus,
1486 1666 1579 1728 litterae,

273 1748 345 1804 leno
371 1756 401 1802 et
425 1745 463 1801 L.
484 1742 604 1800 Licinio
624 1743 762 1801 Murena.
802 1743 930 1801 Catilina
961 1761 1153 1821 maerorque
1173 1754 1260 1800 erent
1279 1745 1310 1800 iu
1329 1743 1382 1800 illo
1398 1744 1539 1807 comitatu,
1552 1743 1583 1796 ir·

189 1870 196 1885 ,
275 1825 451 1880 coniuratos
471 1830 564 1876 noctu
589 1821 622 1876 in
642 1819 683 1876 Μ.
706 1819 822 1877 Laecae
842 1819 931 1875 domo
960 1821 1054 1896 tegris
1079 1819 1193 1895 signis,
1224 1818 1420 1894 praetoribus
1446 1818 1580 1880 tradantur,

275 1897 381 1955 adesse
401 1897 505 1962 iussit;
527 1891 569 1952 ibi
590 1893 743 1952 distribuit
756 1903 856 1972 partes
871 1894 933 1950 Ita·
960 1896 1019 1969 ipsi
1038 1893 1217 1969 deprehensi
1236 1895 1274 1952 ad
1295 1894 1453 1951 consulem
1466 1893 1582 1949 deducus·

274 1975 350 2039 liae;
371 1972 488 2028 'statuit
516 1988 575 2046 quo
605 1989 750 2047 quemque
780 1968 932 2047 proficisci
960 1985 1020 2029 tur.
1049 1970 1093 2026 Ita
1113 1972 1261 2046 perelecta
1281 1971 1391 2027 horum
1409 1969 1522 2027 indiciis
1533 1985 1582 2023 teo

249 2050 424 2126 ‚placoret;
447 2046 557 2122 delegit
569 2064 645 2122 quos
659 2046 770 2103 Romae
784 2046 932 2122 relinque·
962 2048 1119 2114 iuratione,
1141 2048 1206 2103 eius
1226 2047 1383 2121 principes
1404 2045 1507 2103 Cicero
1523 2041 1581 2099 adse

274 2137 339 2191 ret,
367 2141 443 2201 quos
464 2139 564 2179 secum
585 2122 741 2190 educeret,
773 2123 933 2196 descripsit
961 2122 1065 2180 venire
1085 2125 1184 2189 iussit,
1205 2133 1342 2179 senatum
1361 2123 1397 2177 in
1418 2120 1515 2177 aedem
1528 2116 1583 2175 Cou-

275 2196 360 2258 urbis
380 2208 483 2275 partes
503 2198 540 2253 ad
560 2197 715 2265 incendia3
741 2195 933 2255 confirmavit
961 2198 1081 2255 cordiae
1101 2199 1238 2265 vocerit3
1259 2215 1325 2254 mm
1344 2214 1466 2253 omnem
1480 2192 1582 2251 intrude

275 2295 308 2334 se
322 2276 421 2350 ipsum
434 2275 493 2329 iam
507 2290 572 2353 epse
582 2275 751 2340 exiturum
766 2273 842 2330 dixit
851 2272 933 2348 paul·
961 2277 1017 2332 ctis
1050 2272 1201 2330 iudicibus
1230 2275 1391 2348 exposuit,
1425 2282 1582 2344 senatumque

214 2389 218 2396 -
274 2351 369 2409 lulum
390 2347 932 2426 sibiesseetismtummorne,quod
961 2348 1127 2414 consuluit,
1155 2348 1191 2404 de
1212 2367 1325 2405 semme
1352 2367 1388 2404 re
1431 2344 1582 2477 ublieetptll

276 2427 526 2487 Ciceroviveret.
555 2424 678 2499 Reperti
692 2436 763 2481 sunt
776 2426 833 2481 duo
847 2425 933 2500 equi·
961 2422 1028 2482 fieri
1046 2424 1188 2501 placeret.
1218 2423 1297 2480 Tum
1312 2442 1350 2481 ex
1363 2367 1518 2482 SCdoLen
1553 2436 1581 2484 u,

274 2513 321 2560 tes
343 2501 487 2567 Romani,
516 2502 566 2576 qui
593 2518 673 2567 sese,
688 2500 738 2557 ille
758 2503 823 2575 ipso
845 2504 932 2555 nocte
962 2500 1128 2576 Cethegus,
1150 2498 1304 2563 Statilius,
1325 2498 1476 2556 Gabinius
1492 2510 1518 2552 et
1532 2494 1582 2552 Cae·

275 2577 377 2711 paullo
405 2586 473 2632 ante
499 2574 596 2632 lucem
616 2576 793 2634 Ciceronem
819 2578 850 2631 iu
877 2592 932 2631 suo
961 2578 1065 2651 parius
1084 2578 1117 2632 iu
1136 2576 1302 2632 custodiam
1320 2575 1442 2639 traditi,
1463 2570 1582 2631 Ciceronis

289 2652 386 2710 ectulo
400 2651 612 2708 interfecturos
625 2653 851 2727 pollicerentur.
882 2649 934 2707 Ci·
961 2662 1060 2708 autem
1080 2654 1201 2707 nornine
1221 2649 1405 2727 supplicatio
1426 2649 1481 2707 diis
1496 2648 1583 2704 deerett

277 2747 349 2785 cero
379 2746 424 2784 rer
444 2726 580 2784 Fulviam
608 2727 643 2784 de
664 2746 699 2783 co
719 2727 846 2784 consilio
865 2743 933 2782 cer·
962 2738 1024 2794 eet,
1087 2726 1124 2782 od
1144 2725 1252 2783 urbem
1270 2725 1441 2793 incendiis,
1463 2723 1539 2780 caede
1553 2721 1583 2774 ei·

206 2872 211 2879 ,
275 2806 337 2861 tier
378 2814 479 2867 actus,
511 2802 632 2859 domum
661 2820 745 2859 suam
769 2799 934 2859 maioribus
962 2820 1026 2872 ves,
1064 2803 1163 2858 taliam
1182 2800 1262 2859 hello
1275 2799 1445 2859 liberasset.
1473 2800 1582 2873 Quaeres

276 2878 436 2956 praesidiis
455 2875 598 2945 firmavit,
620 2878 748 2935 exclusit
767 2896 836 2944 eos,
858 2894 933 2954 quos
962 2883 1003 2936 ita
1029 2890 1127 2951 gestas
1154 2876 1209 2934 sub
1235 2888 1355 2934 noctem
1375 2877 1484 2935 Cicero
1503 2869 1582 2950 poplo

276 2954 405 3013 Catilina
427 2953 464 3009 ed
486 2971 553 3010 eum
570 2972 656 3010 manc
670 2955 829 3011 salutatum
844 2953 934 3009 mise·
963 2957 1152 3012 lucentiore
1179 2954 1335 3029 exposuit,
1366 2953 1502 3009 oratione
1522 2952 1583 3000 ram

276 3040 337 3087 rat.
372 3027 460 3086 Catil.
481 3039 507 3096 1,
525 3037 553 3096 5,
572 3035 599 3088 7.
619 3047 704 3105 seqq.
723 3058 759 3073 -
779 3030 817 3085 Α.
833 3028 863 3085 d.
880 3027 932 3086 V'l.
963 3031 1142 3084 omsuaarta.
1169 3058 1208 3071 -
1233 3028 1342 3085 Nouis.
1359 3026 1515 3085 Decembr.
1537 3037 1582 3101 Μ

276 3104 348 3161 Idus
367 3102 532 3161 Novemhr.
552 3115 658 3161 senatu
678 3107 709 3161 in
729 3104 831 3161 aedem
850 3103 933 3161 lovis
963 3104 1070 3163 Cicero
1102 3102 1195 3161 intelli
1218 3115 1282 3161 eret
1313 3117 1438 3178 paratos
1468 3117 1526 3159 esse
1550 3113 1582 3171 qtt

277 3180 409 3238 Statoris
429 3190 617 3246 convocato,
638 3198 706 3236 cum
726 3177 830 3236 eodem
852 3180 934 3237 Cati·
961 3179 1122 3236 Lentulum
1141 3190 1170 3236 et
1189 3123 1352 3254 Cethegum
1371 3197 1390 3235 e
1411 3172 1582 3235 emmelim

245 3294 249 3301 ·
276 3256 339 3312 line
367 3272 485 3331 quoquc
512 3256 663 3321 venisset,
694 3253 803 3312 Cicero
831 3251 934 3311 habuit
962 3266 1078 3332 perent,
1101 3253 1137 3310 ad
1158 3265 1295 3311 senatum
1315 3265 1510 3312 convocatum
1524 3248 1581 3305 dett

276 3337 399 3403 primum
419 3346 494 3405 quae
515 3338 612 3385 exstet
631 3335 787 3383 orationem
807 3335 837 3383 in
856 3332 934 3384 Cati-
962 3350 994 3388 re
1022 3330 1137 3387 rettulit
1158 3329 1389 3407 consuluitque,
1440 3329 1488 3385 nid
1512 3325 1540 3381 de
1559 3322 1582 3375 iit

277 3408 381 3471 dmm,
411 3423 469 3482 qua
498 3407 599 3462 omnia
628 3406 692 3462 eius
722 3404 847 3462 consilia
874 3404 934 3462 sihi
960 3406 1185 3483 lieriplaoeret,
1208 3408 1259 3482 qui
1279 3409 1310 3462 iu
1329 3350 1496 3467 custodiam
1510 3394 1582 3457 trelil'

277 3482 399 3568 cognite
420 3498 487 3537 esse
504 3479 646 3546 ostendit,
669 3498 794 3556 eumque
808 3479 933 3537 extrrbe
962 3493 1058 3541 eraut.
1100 3481 1174 3539 Cmu
1199 3481 1274 3539 duae
1301 3493 1405 3538 essent
1434 3476 1581 3553 sententiat.

278 3573 513 3633 extremosque
541 3574 643 3613 omnes
670 3567 720 3613 aut
740 3567 821 3613 certe
865 3575 933 3613 uem
962 3578 1021 3615 uua
1048 3558 1086 3614 D.
1109 3556 1207 3614 Silani
1231 3574 1293 3614 cos.
1315 3556 1398 3624 des.,
1428 3558 1477 3633 qui
1499 3554 1581 3608 centul

196 3656 203 3667 .
299 3633 426 3689 lurimos
446 3632 574 3689 educere
594 3633 690 3689 iussit.
728 3633 831 3710 Itaque
878 3635 936 3689 ati·
962 3653 1014 3691 eos
1040 3644 1136 3689 morte
1162 3631 1333 3689 multandos
1353 3650 1440 3699 esse,
1467 3619 1579 3705 ataui}

277 3652 340 3766 lina
370 3725 437 3763 cum
465 3710 609 3764 trecentis
641 3710 765 3767 armatis
794 3711 932 3784 proxima
960 3708 1193 3773 luliiCeesaris,
1214 3708 1264 3785 qui
1283 3726 1335 3765 eos
1354 3699 1580 3783 publicetisltustt

278 3795 368 3841 uoete
391 3784 423 3839 iu
437 3782 579 3841 Malliana
594 3795 694 3840 castra
707 3783 861 3858 proiectus
876 3793 931 3839 cst.
961 3787 992 3841 iu
1013 3783 1142 3841 vinculis
1163 3781 1315 3840 habendos
1336 3802 1403 3840 esse
1417 3780 1531 3841 censuit.
1547 3771 1580 3853 ⁶3·

277 3858 428 3917 Postridie
449 3857 556 3916 Cicero
575 3859 725 3911 sectandam
744 3856 847 3915 hahuit
862 3878 934 3915 ora·
961 3879 1033 3916 cero
1053 3860 1187 3915 surrexit
1211 3871 1242 3916 et
1264 3858 1301 3915 de
1321 3868 1449 3936 utraque
1467 3858 1579 3914 sentent¹

276 3939 391 3992 monem
410 3940 440 3987 tn
459 3936 624 3999 ceruinam,
650 3932 688 3989 ed
708 3932 853 4004 Quirites,
896 3952 933 3989 na
961 3936 1032 4013 quid
1053 3933 1111 3991 sihi
1130 3934 1286 3992 videretur
1306 3935 1457 4009 exposuit,
1475 3928 1578 3989 omfitt‘

279 4028 347 4066 enm
367 4006 441 4066 urbe
460 4012 627 4066 excessisse
647 4010 784 4075 nuntiat,
806 3954 934 4084 poptilo·
982 4029 1036 4067 uae
1063 4018 1167 4083 quarta
1195 4022 1368 4067 numeratur
1397 4018 1428 4063 tn
1453 4006 1578 4063 auum*

321 4104 337 4143 e
357 4084 542 4156 gratuletur,
569 4102 636 4141 eum
656 4102 694 4140 ex
713 4083 839 4141 occultis
859 4085 932 4140 iusi·
961 4032 1007 4144 Le
1027 4087 1151 4142 vicisset
1177 4086 1314 4161 prolecto
1334 4084 1473 4143 Caesaris
1490 4085 1578 4151 eeulttj

301 4164 337 4218 iis
358 4163 388 4216 in
408 4178 424 4215 a
448 4169 546 4216 ertum
564 4158 759 4216 latrocinium
778 4178 843 4217 esse
858 4179 933 4218 cou-
960 4164 1020 4227 tie,
1046 4162 1105 4218 uisi
1130 4159 1172 4217 Μ.
1194 4160 1322 4218 Porciu's
1346 4160 1421 4219 Ceto
1448 4156 1577 4216 retentet

278 4239 399 4295 iactum.
427 4178 533 4292 l’anllo
553 4246 621 4310 post
640 4246 762 4291 senatus
774 4234 934 4292 Catilinam
961 4236 1149 4294 orationeiu
1170 4237 1344 4294 coniuratos
1365 4236 1463 4293 habits
1478 4236 1577 4288 extrtffll

186 4356 192 4361 .
280 4323 310 4368 et
323 4310 457 4374 Mallium
477 4312 577 4368 hostes
598 4311 762 4379 iudicavit,
785 4311 934 4367 decrerit·
962 4331 1014 4370 eos
1035 4311 1182 4388 supplicio
1202 4310 1310 4389 dignos
1330 4329 1395 4369 esse
1414 4307 1576 4376 sesomires

300 4405 337 4447 ne
366 4396 399 4442 nt
427 4384 566 4443 eonsules
597 4386 743 4443 delectum
770 4384 932 4455 habereut,
963 4389 1117 4444 suasisset.
1144 4385 1237 4444 Facto
1258 4388 1350 4462 igitur
1367 4388 1400 4451 in
1419 4388 1478 4443 eins
1491 4388 1577 4437 senus

279 4407 389 4522 Cicero
407 4460 477 4518 urbi
496 4473 660 4537 praeesset,
681 4463 833 4518 Antonius
848 4481 936 4518 exer·
962 4466 1035 4520 tiam
1050 4460 1130 4520 SCto
1151 4461 1331 4539 supplicium
1351 4462 1387 4520 de
1400 4455 1527 4540 Lentule,
1541 4447 1576 4533 G?

280 4541 343 4595 citu
362 4537 521 4595 Catilinam
541 4548 784 4613 persequeretur.
810 4537 935 4596 luteri'm
963 4540 1063 4612 thego,
1085 4535 1220 4605 Statilio,
1243 4536 1392 4604 Gabinio,
1418 4536 1574 4609 caepsnett

281 4632 349 4669 eum
375 4612 502 4671 Murena
530 4630 592 4669 cos.
620 4612 794 4690 designatus
822 4632 840 4669 a
866 4611 934 4670 Ser.
964 4631 1088 4671 earcere
1108 4623 1259 4689 sumptum
1279 4624 1334 4671 est.
1374 4612 1444 4670 lllse
1463 4597 1575 4666 scastle-

223 4742 233 4751 ,
281 4688 434 4762 Sulpicio,
460 4687 502 4745 Μ.
523 4687 637 4746 Catone
657 4699 688 4746 et
707 4688 763 4746 Cu.
782 4689 937 4746 Postumio
966 4706 1021 4746 nae
1040 4688 1109 4747 illae
1122 4687 1316 4755 Decembres,
1338 4684 1574 4746 totieseGietrtl‘

282 4763 318 4821 de
335 4761 447 4819 ambitu
461 4776 619 4820 accuratus
633 4775 722 4840 esset,
738 4764 938 4821 defenderunt
964 4762 1149 4833 celebratee3
1177 4775 1212 4821 ut
1236 4763 1275 4823 ed
1294 4765 1377 4823 Fam.
1392 4776 1423 4829 t,
1442 4768 1474 4826 9,
1493 4761 1529 4814 12·
1549 4743 1574 4801 Ἀ
1609 4784 1610 4823 t

282 4855 351 4894 enm
370 4836 407 4908 Q.
421 4837 613 4906 Hortensius,
630 4838 672 4896 Μ.
688 4838 828 4906 Crassus,
843 4852 873 4896 et
886 4839 937 4897 Ci-
965 4842 1027 4897 Ait.
1050 4849 1102 4909 10,
1125 4849 1158 4908 1,
1180 4853 1206 4900 1.
1229 4872 1261 4885 -
1281 4838 1386 4899 Pridie
1405 4836 1465 4896 ml
1480 4819 1573 4912 Itu-,Q-

190 4966 199 4972 .
282 4930 354 4970 cero
373 4911 479 4968 consul
492 4916 627 4971 oratioue
637 4917 840 4987 proMurene,
861 4934 937 4993 quae
965 4915 1101 4973 Metellus
1125 4915 1227 4993 Nepos
1251 4932 1350 4974 notus
1375 4914 1442 4973 teile.
1461 4908 1495 4986 pl·
1511 4902 1572 4989 (3²⁰⁹ss

283 4996 395 5047 exstat.
420 4985 524 5045 Paullo
543 5000 619 5065 post<
633 5007 711 5048 cum·
721 4989 829 5050 Cicero
849 5010 937 5050 cem·
962 5009 1070 5051 rouem
1096 4993 1301 5052 iuuroutinne
1333 4990 1431 5050 dicere
1458 5004 1475 5063 p
