3336 5596
277 438 363 504 ‘no
655 402 658 409 ⁴
703 364 943 519 enudus
967 434 1238 503 scaevum.
1338 490 1344 501 .

299 580 376 646 ders,
395 597 457 633 cnm
475 582 638 649 saepissime
657 578 844 630 subsannatus
862 578 955 631 breut—
982 578 1063 634 ferre
1082 576 1204 654 potest?
1225 588 1277 635 aut
1294 579 1322 634 si
1341 578 1406 655 quis
1423 588 1527 654 potest,
1544 576 1597 655 qnid

295 666 343 709 ter
368 656 544 727 impoliteque
570 654 675 707 dicenti
701 658 835 706 maximis
855 660 896 705 sit
921 653 954 706 ds
983 653 1012 710 id
1033 653 1070 711 ed
1091 655 1265 727 Augurem,
1334 655 1341 709 i
1362 656 1419 711 iem
1437 665 1514 710 antea
1530 672 1597 729 prae-

298 732 380 784 rebus
398 749 539 785 assensus.
577 730 705 801 Imposita
725 730 816 803 igitur
836 725 955 785 dicebat
982 739 1031 785 tur
1045 731 1136 787 Asiae
1156 728 1275 785 fuerat?
1291 672 1425 796 weram,
1446 732 1471 786 si
1487 729 1596 785 illaual·

297 808 415 881 Augur,
436 823 541 861 verum
562 805 599 871 is,
622 805 674 879 qui
686 803 829 860 Rutilium
851 804 954 860 delen·
982 813 1078 861 teram
1098 804 1189 861 Asiae
1214 815 1388 879 praeturam
1411 808 1512 880 urgere
1533 804 1598 860 uelu-

298 881 352 949 dit,
371 882 467 953 poure.
494 880 645 955 Numquid
666 879 793 954 amplius
848 897 952 937 aereu·
983 898 1059 947 mus,
1081 898 1156 957 quae
1175 879 1297 936 tandem
1316 882 1372 937 tuit
1391 899 1486 946 causa,
1505 899 1550 937 cnr
1563 898 1599 936 se·

127 962 130 969 ’
199 970 210 979 “
298 959 367 1014 dum
387 964 449 1022 est,
480 966 514 1011 ut
532 953 675 1012 Pontifici
692 973 772 1011 max.
796 955 815 1011 il
831 974 878 1010 am
899 953 951 1010 de·
983 967 1070 1012 natus
1090 973 1175 1021 emn,
1202 957 1253 1031 qui
1273 955 1438 1013 octodecim
1457 958 1534 1012 aunis
1550 966 1600 1012 aute

281 1035 465 1103 ›leusiuuem
485 1029 681 1098 vindicemus,
703 1031 761 1086 nisi
781 1030 837 1085 hoc
857 1030 955 1104 negli·
983 1029 1089 1087 consul
1107 1032 1216 1097 iuerat,
1238 1032 1290 1107 qui
1308 1034 1367 1088 iam
1385 1034 1599 1106 superioreannu

297 1126 369 1186 gere
389 1106 549 1163 uolumus?
573 1136 604 1147 -
633 1104 693 1163 Sed
713 1116 846 1172 restant,
877 1125 953 1183 quae
981 1106 1130 1177 confectus
1147 1115 1305 1174 senectute,
1330 1108 1505 1179 praepedine
1520 1107 1600 1171 morio,

297 1202 355 1242 nos
375 1192 499 1258 coguut,
521 1193 554 1237 ut
568 1200 635 1238 eum
650 1179 863 1254 intelligamus.
893 1182 953 1239 Va·
983 1200 1097 1235 mancus
1121 1191 1149 1235 st
1174 1182 1305 1234 membris
1331 1183 1455 1235 amnibus
1473 1192 1560 1251 raptas
1578 1201 1601 1234 aa

272 1320 276 1326 ,
297 1260 365 1318 lerii
378 1258 502 1315 Maximi
515 1258 735 1323 auctoritatem,
753 1255 860 1333 deque
876 1257 954 1315 Cor·
982 1258 1092 1323 debitis,
1112 1256 1211 1310 hastili
1229 1262 1315 1310 nixus
1333 1268 1363 1310 er
1381 1264 1602 1310 antnuatmetta

296 1336 387 1393 radus
409 1332 568 1399 dubitavit,
589 1337 658 1409 quin
679 1350 770 1406 saepe
784 1334 907 1389 uomina
924 1343 954 1389 et
975 1332 1149 1404 firmitatem
1167 1339 1295 1404 corporis
1314 1333 1346 1389 iu
1382 1330 1603 1411 ensequeudeSa·

296 1412 432 1470 homiues
459 1407 634 1475 confundit,
660 1410 789 1483 primam
816 1427 878 1465 uon
905 1411 953 1465 in·
981 1411 1106 1465 turnino
1126 1409 1251 1461 ostendit
1271 1409 1340 1484 (pro
1359 1353 1464 1466 babis.
1482 1407 1555 1483 perd.
1574 1415 1601 1474 li
1638 1432 1640 1441 ⁴

297 1488 392 1544 duco:
424 1502 529 1541 verum
555 1486 581 1541 si
607 1482 727 1540 aliunde
754 1481 872 1540 firmata
895 1486 953 1540 erit
981 1502 1038 1558 pro
1059 1484 1182 1541 consule
1202 1484 1234 1541 in
1247 1485 1351 1540 Asiam
1366 1486 1503 1551 mitteret,
1522 1482 1602 1544 deam

296 1572 403 1621 nostra
423 1560 584 1627 sententio,
607 1578 642 1615 ea
662 1577 780 1690 quopue
795 1561 952 1616 ueritatem
982 1578 1020 1615 au
1046 1558 1215 1632 ablegaret,
1247 1578 1285 1615 ne
1306 1559 1418 1616 Romae
1444 1557 1602 1616 moreretur?

237 1636 247 1700 f
297 1657 335 1694 au
357 1654 407 1694 ere
428 1636 548 1709 poterit,
574 1653 641 1691 curu
662 1654 720 1710 quo
762 1653 867 1690 verum
886 1654 952 1692 esse
981 1632 1151 1691 bellumne?
1172 1643 1204 1689 at
1222 1633 1326 1708 quod?
1346 1646 1399 1691 aut
1419 1637 1482 1711 quis
1501 1652 1603 1709 uuqum

296 1657 482 1776 viderimus,
511 1709 590 1765 idem
617 1712 648 1766 in
676 1710 775 1786 aliquo
801 1710 952 1784 scriptore
981 1710 1321 1784 QlllueiumAugurem
1332 1706 1441 1767 bellica
1452 1710 1603 1783 laudeprre

297 1788 468 1864 antiquiore
498 1785 650 1842 iuvenisse
669 1803 737 1841 eum
758 1782 950 1854 uecesse'sit,
980 1788 1091 1842 stitisse
1111 1784 1269 1842 narravit?
1294 1803 1348 1840 cur
1367 1803 1432 1841 non
1451 1785 1483 1843 C.
1501 1785 1602 1842 Mariua

296 1863 377 1920 uude
392 1865 422 1918 in
437 1858 643 1917 suumlibrum
656 1862 846 1917 transferret.
875 1861 951 1921 Eum
981 1864 1138 1924 miserunt.
1160 1858 1262 1937 quiid
1303 1879 1371 1916 uam
1389 1863 1515 1917 maxime
1525 1878 1556 1916 eu
1575 1861 1603 1913 is·

298 1939 336 2013 Q.
365 1935 515 2002 Mucium,
549 1936 599 2011 qui
631 1935 774 1992 Rutilium
809 1937 950 2005 defendit,
981 1934 1053 1993 bat?
1090 1935 1167 2012 (Clr.
1188 1935 1266 1992 Plut.
1331 1955 1358 1992 r.
1373 1939 1436 2005 51.)
1472 1879 1603 1994 Sibellun

295 2014 388 2072 multa
415 2030 472 2087 pro
491 2013 635 2069 Asiaticis
655 2012 825 2070 bominibus
846 2022 951 2069 contra
981 2029 1077 2088 neque
1103 2012 1232 2085 gessisse
1259 2026 1354 2088 neque
1379 2013 1500 2068 sedasse
1524 2012 1604 2084 Augu·

297 2089 475 2167 publicanus
495 2087 601 2143 fecisse
622 2085 748 2164 ideoque
769 2090 800 2145 iu
820 2089 884 2145 eius
897 2090 952 2145 he-
980 2105 1055 2153 rem,
1077 2095 1128 2142 aut
1147 2104 1224 2153 eum,
1246 2088 1297 2163 qui
1317 2088 1451 2161 praefuit
1463 2087 1555 2151 Asiae,
1569 2102 1604 2140 us·

296 2183 403 2224 uorem
432 2162 531 2220 Mucia
563 2163 701 2218 instituta
735 2181 801 2221 esse
834 2175 952 2221 constat
981 2181 1069 2238 quam
1083 2162 1226 2219 traditum
1239 2173 1296 2228 est,
1311 2181 1409 2238 neque
1423 2160 1604 2221 credibilem
1639 2186 1640 2191 ¹

296 2242 367 2311 (cfr.
382 2238 471 2296 Diod.
490 2235 552 2295 Sic.
567 2236 688 2312 Fragm.
703 2238 772 2294 Lib.
788 2245 835 2299 56.
856 2239 952 2295 Pseu·
981 2239 1010 2295 id
1024 2239 1141 2313 Auguri
1160 2236 1369 2293 mandaturum
1381 2238 1476 2295 luisse
1488 2247 1603 2299 senatuu,

199 2368 203 2371 Α
297 2318 441 2373 doaseou.
462 2313 552 2371 Verr.
576 2320 611 2379 2,
634 2320 679 2373 10.
702 2312 903 2382 Divin.17.)‚
926 2317 952 2373 is
981 2314 1051 2390 quid
1071 2312 1191 2370 tandem
1211 2331 1278 2369 eum
1297 2315 1410 2381 movit,
1437 2325 1471 2370 ut
1489 2312 1605 2371 huneri-

296 2404 396 2449 autem
425 2390 482 2446 tuit
511 2391 546 2461 Q.
569 2390 683 2442 Mucius
705 2391 740 2460 Q.
762 2391 793 2444 F.
816 2392 952 2443 Scaevola
980 2408 1047 2446 ruui
1066 2392 1198 2446 mitteret
1210 2390 1224 2445 ἰ’
1248 2417 1279 2428 -
1302 2386 1400 2456 Socii,
1424 2391 1538 2464 opinor,
1556 2403 1607 2462 que·

295 2465 437 2537 Pontifex
463 2484 562 2525 mour
588 2483 658 2521 narn
683 2483 721 2520 ex
746 2466 833 2522 buius
854 2465 952 2535 edicto
980 2465 1126 2521 rebantur
1151 2464 1187 2520 de
1214 2465 1371 2540 iniquitate
1392 2464 1606 2538 publicanorum.

295 2544 431 2602 Asiatico
463 2559 495 2598 se
528 2539 619 2595 multa
649 2542 813 2616 sumpsisse
843 2540 952 2598 Cicero
981 2570 1017 2584 -
1037 2539 1077 2599 Ut
1096 2542 1248 2605 omittam,
1277 2537 1466 2596 afferendum
1486 2557 1545 2595 esse
1566 2536 1605 2591 ali·

295 2630 419 2696 praetor
446 2615 570 2675 Ciliciae
599 2616 707 2672 scribit
733 2616 835 2672 Attico
861 2615 949 2748 ΨΒ).
981 2615 1060 2691 qriod
1079 2624 1300 2691 argumentum,
1321 2617 1402 2671 unde
1422 2618 1494 2674 hacc
1514 2612 1604 2670 miseri-

297 2700 421 2762 6,1.),
453 2689 562 2769 quibus
591 2690 820 2766 publicanorum
846 2691 868 2748 li
891 2692 949 2760 ido,
980 2691 1083 2747 cordia
1102 2686 1224 2747 senatus
1245 2708 1316 2766 erga
1338 2692 1457 2759 socius,
1485 2684 1604 2767 equitibus

295 2772 404 2826 tectius
434 2766 553 2844 quidem
586 2785 675 2844 quam
704 2765 804 2824 Bibuli
836 2768 949 2834 edicto,
980 2764 1192 2833 iudicantibus,
1213 2783 1309 2840 neque
1324 2764 1359 2823 C.
1375 2765 1515 2824 Graccho
1527 2780 1605 2821 eumn

295 2863 402 2903 verum
422 2847 597 2900 co'e'rceatur
617 2854 738 2909 tamen;
760 2860 885 2919 cumque
906 2844 951 2899 di·
978 2842 1129 2898 licentiam
1150 2844 1325 2906 cuderente,
1351 2839 1442 2898 nobis
1469 2840 1603 2916 probrum

296 2932 344 2978 cat
366 2922 396 2975 iu
418 2920 454 2974 iis
475 2922 565 2974 etiam
584 2917 657 2973 illud
677 2936 753 2986 esse,
777 2924 807 2971 in
826 2939 880 2989 qrsa
898 2920 953 2971 sibi
978 2916 1050 2974 illud
1070 2935 1195 2994 quaere,
1218 2935 1273 2973 cur
1292 2917 1373 2973 bunc
1389 2916 1516 2973 debilem
1528 2930 1605 2973 seusu

296 3004 429 3050 censeant
454 2996 557 3046 Graeci
585 2995 745 3046 libertatem
774 2993 889 3060 datam,
920 3004 952 3047 ut
979 2995 1185 3068 potiusquam
1199 3010 1291 3047 uuum
1304 3011 1342 3048 ex
1356 2992 1543 3065 praetoribus
1553 2988 1603 3044 ami

296 3078 400 3129 Graeci·
424 3076 499 3121 inter
524 3089 554 3120 ss
581 3069 737 3140 disceptent
753 3076 813 3121 suis
832 3070 951 3138 legibus,
978 3068 1154 3142 superioris,
1187 3068 1376 3124 uorumhaec
1388 3071 1602 3143 provinciaerat,

296 3147 446 3204 nemiuem
466 3143 558 3199 credo
578 3155 757 3218 negaturum
776 3144 952 3201 verisimil-
980 3143 1136 3201 miserint?
1163 3087 1198 3201 ii
1217 3146 1248 3199 iu
1268 3144 1314 3199 bis
1336 3146 1486 3200 nemiuem
1505 3140 1604 3200 esseti-
1639 3168 1640 3203 ,

295 3223 400 3279 limum
420 3237 485 3275 esse
506 3220 536 3275 id
557 3220 656 3293 ipsum
676 3221 764 3275 etiam
784 3218 842 3276 illis
855 3221 952 3277 homi·
978 3220 1096 3285 derunt,
1117 3219 1169 3295 qui
1188 3237 1249 3275 non
1269 3219 1377 3294 diguus
1398 3218 1605 3296 repetundarum
1639 3222 1640 3239 ¹

295 3296 384 3354 uibus
398 3295 541 3351 Asiaticis
563 3303 650 3349 antea
669 3296 797 3350 maxime
815 3297 951 3351 ineausa
978 3296 1170 3352 accusatione
1190 3294 1343 3352 rediturus
1356 3307 1449 3364 esset,
1472 3294 1544 3372 quod
1572 3308 1606 3346 ru
1639 3318 1640 3329 κ

294 3373 405 3437 fuisse,
428 3381 460 3425 ut
481 3372 511 3426 in
533 3367 698 3427 Scaevolae
718 3370 865 3426 bonorem
885 3370 952 3427 Mu·
978 3369 1045 3427 bari
1065 3387 1153 3445 posse
1175 3388 1236 3426 non
1256 3370 1360 3436 credo,
1385 3389 1442 3427 cur
1462 3389 1521 3427 uon
1538 3312 1605 3424 alim
1639 3396 1640 3445 p

296 3451 341 3505 cia
368 3443 569 3504 celebrarent.
610 3444 678 3502 Huc
705 3445 820 3502 accedit
845 3455 953 3519 tempus
981 3447 1076 3501 virum
1096 3444 1287 3501 consularem
1306 3446 1352 3501 vel
1372 3447 1550 3520 praetorium
1566 3441 1605 3497 ui·
1639 3470 1640 3497 ι

295 3524 376 3581 illius
397 3531 574 3597 praeturae3
596 3538 665 3577 uam
686 3521 717 3576 in
734 3520 861 3577 Diodori
874 3520 952 3578 Fra·
978 3530 1096 3587 serunt,
1119 3523 1216 3577 nriuus
1231 3530 1327 3577 aetate
1341 3522 1530 3579 confectum?
1552 3514 1606 3574 Nu·

295 3596 423 3677 gnieutis
455 3598 604 3654 narratio
623 3596 710 3653 huius
741 3597 787 3653 rei
815 3600 952 3673 sequitur
979 3595 1039 3652 line
1058 3607 1145 3651 erant
1164 3614 1253 3671 pares
1276 3598 1449 3670 integritate
1476 3593 1603 3673 atqueiu·

295 3676 501 3731 narrationem
530 3672 566 3729 de
595 3670 634 3744 Q.
659 3671 771 3735 Metelli
797 3671 952 3729 Numidici
978 3672 1081 3727 stitiai'
1120 3670 1155 3727 Id
1175 3671 1296 3748 quidem
1317 3689 1406 3746 nego.
1434 3672 1544 3729 Plures
1561 3678 1605 3722 tau
1639 3668 1641 3717 l

294 3751 505 3815 revocatione,
534 3749 586 3823 qui
606 3747 682 3804 ordo
702 3766 803 3804 rerum
825 3748 951 3804 demon·
977 3756 1064 3803 erant
1083 3748 1167 3802 omni
1187 3748 1306 3803 virtutis
1327 3746 1415 3803 laude
1433 3766 1493 3803 uon
1506 3744 1604 3802 inierit·
1639 3750 1640 3785 l

295 3836 373 3887 strat
392 3835 461 3881 aute
481 3842 509 3879 a.
532 3842 562 3879 u.
584 3842 611 3879 e.
635 3824 702 3881 655.
723 3824 801 3880 hauc
820 3823 951 3899 legatio·
978 3841 1026 3878 rea
1037 3823 1171 3895 Augure.
1194 3821 1410 3879 M.Autonium
1423 3833 1604 3880 nunnumeru
1639 3836 1640 3881 t

295 3920 364 3959 nem
385 3900 488 3959 Rutilii
508 3900 581 3973 puni
604 3916 665 3954 uon
689 3917 788 3973 posse.
813 3927 844 3939 -
867 3897 951 3971 Quo·
977 3900 1003 3954 si
1023 3898 1127 3954 eodem
1147 3907 1282 3971 tempore
1302 3896 1493 3965 conuulsum
1514 3898 1603 3954 sinan·
1639 3928 1640 3939 .

294 3975 385 4045 modo
404 3984 503 4033 autem
524 3972 590 4030 lieri
611 3982 720 4048 potest,
743 3985 775 4030 ut
788 3975 845 4030 hoc
859 3992 950 4037 anno,
977 3984 1037 4039 tea,
1059 3972 1262 4029 numerandus
1279 3982 1341 4038 est;
1363 3973 1398 4030 C.
1414 3969 1603 4031 Flavius'Fiu·

294 4071 333 4109 ne
360 4052 457 4108 dicam
484 4051 654 4125 posteriore
680 4048 799 4125 aliquo,
827 4058 951 4125 praetor
977 4046 1041 4104 bris
1066 4058 1130 4104 tum
1156 4058 1222 4104 erat
1250 4050 1361 4105 virtute
1390 4051 1483 4107 animi
1509 4058 1536 4104 et
1560 4045 1602 4098 nita
1639 4048 1640 4115 t

294 4129 386 4185 luerit
396 4126 523 4198 Augur?
544 4124 630 4184 Unde
642 4125 718 4180 hauc
729 4125 854 4180 alteram
866 4143 951 4199 prae·
976 4121 1151 4188 laudabilis;
1166 4142 1204 4180 oe
1218 4142 1286 4179 eum
1299 4123 1419 4200 quidem
1430 4133 1602 4181 numeremus
1639 4144 1640 4159 ¹

294 4215 393 4261 turam
413 4203 579 4261 Asiaticam
599 4202 627 4255 ei
646 4199 786 4256 collatam
807 4218 872 4256 esse
893 4219 951 4275 pu·
977 4201 1046 4275 quia
1067 4201 1228 4265 nescimus,
1251 4217 1309 4275 qua
1325 4193 1603 4258 valetudiuetmulu·

293 4278 416 4336 temus?
443 4296 512 4333 nam
532 4276 582 4332 ille
603 4276 741 4350 superior
761 4277 868 4351 negari
888 4294 950 4332 non
977 4278 1035 4330 erit
1048 4292 1151 4338 senex,
1167 4274 1230 4330 iere
1243 4274 1379 4350 aequalis
1389 4276 1520 4352 Auguri3
1538 4272 1602 4348 errtl

294 4365 404 4431 potest.
444 4353 518 4411 Cum
538 4351 694 4409 Ciceronis
714 4359 856 4425 praetura
876 4350 951 4409 Cili·
977 4353 1041 4425 ipse
1062 4348 1208 4417 Rutilius,
1239 4351 1326 4407 cuius
1351 4348 1520 4411 firmitatem
1537 4360 1603 4424 uult·
1639 4370 1640 4409 ξ

296 4434 420 4496 eiaeea
448 4427 620 4501 comparari
645 4429 766 4502 nequit3
796 4426 844 4483 illa
871 4429 950 4483 enim
977 4444 1059 4491 mus,
1088 4443 1156 4481 cum
1181 4424 1297 4500 legatus
1324 4424 1479 4499 proticisci
1497 4424 1603 4498 potuerit
1639 4456 1640 4475 i

295 4507 352 4562 luit
372 4524 409 4561 ex
429 4515 549 4565 senatus
571 4502 727 4570 consultu,
750 4521 809 4577 que
830 4511 949 4557 cautum
977 4499 1145 4576 multosque
1175 4519 1271 4557 anuos
1301 4510 1403 4575 postea
1431 4488 1601 4577 rixerith·
1639 4496 1640 4509 ¹

295 4593 357 4646 est,
379 4600 416 4637 ua
436 4581 505 4657 quis
524 4578 709 4645 consularis,
740 4577 950 4651 praetoriusve
977 4575 1116 4632 Lutatius
1136 4573 1279 4645 Catulus,
1301 4579 1454 4651 specimen
1474 4578 1602 4646 integrus·

294 4653 948 4783 intraquinquenniumin'preeiuciamiret,
976 4652 1015 4708 tia
1044 4662 1074 4707 et
1102 4652 1236 4707 onmium
1262 4651 1422 4719 uirtutum,
1454 4670 1510 4728 quo
1536 4656 1600 4702 utut

296 4750 354 4808 qua
375 4730 410 4788 de
431 4748 520 4786 causa
541 4731 578 4785 iis
592 4747 666 4785 cous
700 4727 803 4785 aribus
818 4737 848 4784 et
860 4746 951 4803 prae·
978 4728 1180 4800 praestantior
1193 4726 1265 4795 tum
1287 4726 1323 4783 l..
1339 4727 1477 4783 Valerius
1490 4724 1599 4781 Flaccus.

294 4807 400 4872 teriia,
422 4809 488 4882 qui,
508 4805 597 4861 sicuti
618 4804 743 4880 Cicero,
766 4803 900 4859 nundum
919 4805 949 4859 in
976 4804 1133 4876 superiore
1154 4820 1234 4858 auno
1254 4801 1372 4865 consul.
1394 4812 1461 4878 pust
1474 4798 1600 4855 censeret

295 4882 470 4960 provincias
496 4881 634 4946 iverant,
662 4890 727 4936 tum
752 4880 810 4936 iam
831 4897 892 4934 uon
912 4876 950 4935 li·
977 4879 1121 4952 princeps
1141 4888 1280 4944 senatus,
1304 4876 1341 4950 Q.
1355 4876 1497 4936 Caecilius
1517 4862 1599 4929 Metel-

295 4955 588 5032 cebatpruviuciam
607 4970 761 5011 recusare.
796 4953 872 5026 Quis
891 4954 950 5011 tale
976 4954 1022 5009 lus
1034 4952 1148 5027 Nepos,
1167 4952 1205 5008 T.
1220 4952 1339 5021 Didius,
1358 4954 1417 5010 nisi
1429 4950 1596 5009 eoderuanut

296 5028 604 5092 senatusconsultum
619 5047 657 5089 ex
669 5029 722 5086 illo
735 5037 871 5106 tempore
880 5047 951 5105 pro·
976 5027 1116 5087 causales
1135 5028 1267 5101 luerunt,
1288 5028 1325 5088 Pa
1340 5028 1473 5088 bicinius
1486 5023 1595 5083 erasm
