3402 5598
524 368 564 439 C.
587 369 743 437 IULIUS
766 369 967 437 CAESAR.
1353 375 1414 441 307

94 530 154 572 enus
171 507 279 581 hahere
299 509 472 583 nolueram:
492 509 537 567 lh.
556 510 612 587 ΕΡ.
631 518 680 579 26,
703 520 731 569 2.
761 504 1023 577 sector'inventus
1044 522 1090 569 eat
1109 516 1333 588 nemopraeter
1347 515 1415 571 An·

95 619 122 631 -
141 586 203 664 Ego
222 580 261 642 ad
280 584 439 643 Caesarem
460 582 535 643 uuas
556 584 658 661 Capua
682 585 732 643 lit·
761 590 886 645 tunium.
924 587 1053 663 Philipp.
1083 594 1116 657 2,
1139 592 1191 655 26,
1213 591 1262 649 ul.
1288 589 1414 647 -Post

90 675 162 720 teras
189 659 274 727 dedi,
309 659 417 792 ‹puihus
446 660 481 717 ad
508 681 543 719 ea
572 663 729 737 rescripsi,
760 661 871 721 bellmn
883 662 1101 741 Hispaniense,
1122 663 1219 721 lactus
1240 675 1285 721 est
1299 671 1325 721 ei
1341 684 1413 721 rur-

90 756 157 816 qnae
174 755 289 793 mecum
308 736 358 793 ile
378 737 414 793 de
434 736 651 811 gladiatoribus
665 739 728 794 suis
761 758 811 795 sus
832 738 988 797 familiaris
1003 739 1162 797 Antonius.
1199 738 1336 797 Habebat
1355 742 1412 799 huc

87 821 181 888 operm
199 813 365 889 (qnosscil.
378 811 497 887 Capuae
511 810 656 870 habehat:
693 812 731 868 ad
759 814 1023 871 onminoCacsar:
1046 834 1133 891 quem
1153 813 1242 890 plane
1263 817 1413 891 perditum
1490 829 1493 843 ·

87 888 145 945 att
168 893 199 954 7,
221 886 274 955 sl,
296 886 505 956 2.),hreees,
526 887 578 945 sed
598 888 730 947 benevo-
760 908 829 945 aere
862 890 960 947 alieno
986 902 1197 966 egentemque,
1229 892 1256 947 si
1286 891 1412 949 eundem

86 963 198 1021 lentiam
224 960 446 1036 significantes,
471 982 536 1020 non
556 963 646 1021 modo
663 966 728 1021 sine
760 983 887 1040 nequam
907 967 1057 1023 horninem
1075 967 1276 1039 audacemque
1297 986 1412 1043 cogno·

88 1032 276 1105 contumelia,
308 1039 360 1096 sed
390 1041 478 1096 etiam
504 1058 572 1096 cum
598 1040 726 1096 maxima
758 1050 815 1107 rat,
829 1042 909 1098 hunc
924 1043 955 1098 in
968 1041 1201 1099 familiaritatem
1215 1040 1412 1100 libentissime

87 1113 165 1171 laude
178 1112 324 1189 Pompeii.
363 1112 397 1172 Id
417 1114 560 1172 enimilla
581 1106 729 1175 sententia
758 1118 822 1172 reci
846 1114 935 1173 iebat.
964 1115 1095 1193 Philipp.
1116 1126 1146 1184 2,
1167 1114 1215 1184 62,
1238 1122 1285 1176 78.
1309 1147 1340 1158 -
1362 1117 1420 1191 Ad,

105 1185 263 1257 ustulabat,
295 1208 351 1267 qua
372 1189 456 1247 illum
478 1189 515 1247 ad
536 1188 730 1247 concordiam
758 1201 804 1258 te,
852 1190 1006 1259 .Servili,
1028 1210 1099 1249 nuso
1113 1192 1194 1249 misit
1207 1190 1283 1249 ullas
1298 1192 1410 1266 collega

86 1208 232 1321 luctabar.
255 1275 313 1321 cet.
335 1265 372 1325 ad
385 1266 449 1323 Att.
471 1269 500 1327 8.
515 1273 542 1331 2,
558 1274 586 1323 1.
606 1295 635 1306 -
652 1264 729 1324 Cae·
758 1265 872 1322 litteras
902 1265 938 1322 de
962 1266 1011 1324 illa
1032 1268 1291 1325 calamitosissima
1310 1287 1410 1347 pugna

86 1339 185 1397 sarad
205 1337 384 1399 Corfinium.
423 1340 468 1398 lb.
489 1341 546 1417 Ep.
574 1342 612 1408 5,
643 1346 670 1397 7.
693 1368 723 1384 -
758 1340 953 1398 Pharsalica?
984 1361 1055 1400 nuni
1086 1354 1113 1398 te
1135 1340 1170 1398 de
1191 1341 1410 1418 supplicatione

84 1415 298 1492 Argumentum
314 1416 457 1492 epistolae
471 1416 570 1492 paullo
584 1426 652 1473 ante
666 1436 728 1473 me·
757 1417 852 1474 voluit
877 1414 1014 1474 referre?
1049 1417 1192 1475 Profecto
1222 1418 1328 1483 noluit.
1370 1420 1412 1476 At

84 1502 207 1548 moratae
258 1494 290 1549 in
311 1511 369 1589 (pua
390 1492 527 1551 Caesaris
551 1494 728 1567 sapientiam
758 1494 839 1549 misit
858 1505 962 1569 postea
983 1492 1019 1550 de
1038 1492 1240 1560 Alexandria,
1264 1493 1412 1553 dePbar·
1520 1557 1525 1572 ¹

83 1534 312 1636 „admirabilem
356 1567 438 1626 dicit.
467 1566 544 1625 Ibid.
569 1568 626 1644 Ep.
647 1570 677 1637 9,
701 1578 726 1627 1.
758 1586 842 1625 nace.
895 1568 1087 1627 Pharsalicae
1119 1588 1193 1627 vero
1226 1588 1264 1644 pu
1288 1588 1342 1626 nae
1373 1588 1412 1627 nc

81 1670 114 1684 -
133 1641 324 1701 celeritatem
356 1646 387 1701 in
417 1643 546 1701 Caesare
579 1644 729 1700 desiderat
757 1643 940 1719 triumphum
962 1642 1083 1720 quidem
1102 1644 1172 1721 egit.
1208 1589 1340 1720 Philipp.
1364 1650 1411 1723 11,

134 1718 323 1777 tvictoriam
339 1720 543 1778 Pharsalicam
564 1718 670 1778 Cicero
692 1717 728 1775 ad
759 1728 792 1787 8,
820 1723 866 1779 25.
893 1751 926 1765 -
946 1719 999 1776 De'
1020 1720 1090 1785 illo,
1125 1739 1213 1798 qoem
1242 1738 1335 1796 penes
1365 1731 1412 1776 est

80 1736 156 1850 liam.
166 1798 211 1861 15,
222 1798 311 1862 15,2.
323 1793 521 1867 -·„Amissis
532 1790 728 1870 ternporibus,
759 1797 857 1852 osiinis
876 1804 1029 1871 potestas,
1050 1794 1125 1853 nihil
1148 1796 1252 1862 video,
1273 1794 1354 1873 qaod
1373 1796 1413 1852 ti-

79 1869 336 2002 stlttlttttt
354 1869 729 2021 ”htattttt‘lltdt
759 1889 876 2002 11:¹⁰3
893 1870 1174 2003 lllltltltl
1193 1881 1263 2003 tt*
1281 1875 1412 2004 &⁹113

80 2018 148 2076 alios
167 2019 308 2088 induxit,
329 2029 364 2077 nt
381 2023 539 2079 victoriam
559 2032 727 2096 sperarent,
759 2022 853 2096 ipsius
873 2021 954 2078 nulla
974 2040 1007 2079 re
1028 2042 1045 2077 a
1065 2040 1111 2078 me
1131 2020 1265 2079 offensus
1285 2033 1330 2079 est
1344 2023 1412 2079 ani-

80 2094 163 2161 alios,
195 2107 236 2153 nt
264 2087 363 2172 ipsimi
391 2097 471 2154 vinci
491 2105 727 2153 contorpuerant.
760 2115 835 2153 mus.
869 2126 898 2139 -
928 2096 997 2173 lpse
1027 2092 1140 2154 Caesar
1168 2095 1256 2154 babet
1284 2116 1412 2174 peracre

77 2171 168 2247 Atque
195 2172 311 2229 horum
337 2170 485 2229 malorum
513 2174 645 2228 omnium
666 2171 730 2228 cul·
759 2170 901 2228 iudicium
922 2181 952 2228 et
969 2191 1037 2231 cum
1057 2171 1209 2229 volucrina
1230 2175 1289 2230 iam
1309 2174 1412 2231 conle-

19 2248 22 2259 ‘
77 2264 137 2320 past
151 2244 294 2307 Fortuna
314 2248 451 2304 sustinet.
491 2246 565 2320 Quis
587 2248 730 2305 enimaut
758 2245 1115 2326 cerito'norpdeypoiroa,
1134 2251 1159 2304 si
1195 2247 1412 2306 uodalleratur

76 2320 276 2380 Alexandrini
302 2319 373 2380 belli
392 2331 507 2379 tantam
527 2342 641 2379 moram
661 2325 729 2379 huie
759 2321 796 2378 ad
827 2341 893 2379 enin
922 2341 980 2398 pro
1008 2341 1092 2389 meu,
1124 2268 1203 2399 quill
1231 2343 1329 2380 meum
1351 2342 1414 2383 uon

76 2391 149 2453 bello
168 2398 349 2457 adiunctum
378 2400 416 2456 iri
442 2407 493 2454 aut
518 2400 621 2455 nescio
641 2416 729 2475 quem
758 2399 814 2465 sit,
842 2397 969 2455 relicere
989 2397 1087 2454 solere
1107 2397 1227 2455 dicitnr.
1268 2398 1307 2456 ad
1325 2400 1411 2457 Fam.

80 2472 160 2529 ιιιιιιιι
172 2473 365 2532 Pharnacem
381 2474 472 2533 Asiae
491 2482 643 2531 terrorem
663 2473 730 2529 illa·
758 2478 793 2539 9,
827 2480 878 2539 16,
908 2475 937 2530 d.
972 2502 1003 2513 -
1036 2472 1174 2530 Caesaris
1204 2472 1351 2532 adventus
1380 2477 1413 2532 in

78 2556 172 2605 turum
188 2549 338 2625 putaret?
366 2548 403 2606 ad
422 2548 506 2606 Fam.
523 2556 569 2615 15,
587 2555 633 2617 15,
650 2556 677 2604 2.
696 2577 726 2588 -
757 2544 874 2605 Italiam
900 2546 951 2619 (a.
978 2567 1008 2604 ιι.
1038 2568 1065 2605 c.
1091 2548 1177 2625 708.)
1204 2548 1241 2605 ad
1268 2549 1352 2606 Fam.
1380 2554 1410 2616 9,

80 2621 157 2681 (Eius
189 2624 381 2683 clementiam
418 2626 562 2699 cognovit
595 2622 667 2680 Asia
701 2634 730 2680 et
759 2630 843 2691 6,1.
882 2620 959 2679 Item
979 2621 1050 2680 ibid.
1073 2627 1107 2688 8,
1129 2632 1158 2682 2.
1183 2652 1214 2664 ·-
1235 2624 1311 2681 Post
1327 2618 1413 2681 'redi-

78 2697 206 2770 Achaia,
238 2718 303 2759 non
333 2701 405 2757 item
430 2699 545 2759 Africa.
582 2696 672 2774 Ibid.)
694 2729 728 2743 -
759 2710 820 2755 tum
840 2716 878 2754 ex
897 2698 1002 2755 Africa
1029 2698 1211 2774 contempsit
1230 2696 1409 2766 Antonium,

81 2771 185 2832 Caesar
215 2775 364 2832 adversus
384 2776 529 2832 monitum
549 2775 656 2832 sornsni
677 2775 729 2830 ha·
759 2772 921 2850 appellavit
949 2792 1016 2830 eum
1046 2772 1082 2830 de
1110 2775 1248 2850 pecunia.
1283 2772 1413 2850 Philipp.

78 2849 202 2925 auspicis
246 2854 281 2908 in
317 2851 452 2908 Africam
491 2862 560 2907 ante
594 2848 729 2906 brumam
759 2858 787 2915 2,
809 2855 857 2915 29,
879 2849 1027 2911 7t··-Es
1041 2849 1115 2925 ipsis
1130 2861 1190 2909 tem
1212 2847 1316 2907 arilina
1331 2850 1413 2908 domi

79 2927 251 2985 transmisit.
293 2924 328 2982 de
358 2924 462 2982 Divin.
493 2933 527 2994 2,
548 2925 602 2991 21,
624 2930 730 2993 52.,-
759 2924 898 2983 Caesaris
917 2943 1099 3003 percussor,
1128 2923 1165 2983 ab
1185 2869 1415 3006 Antonimmis·

78 2998 216 3060 Redditae
237 2996 314 3061 mihi
333 3001 454 3060 tandein
474 3012 544 3057 sunt
564 3020 581 3056 a
600 3000 741 3060 Caesare
760 3018 827 3067 sus,
857 2998 1061 3075 deprehensus
1081 3019 1147 3058 esse
1167 2999 1324 3059 dicebatur
1344 3020 1414 3058 cum

75 3073 174 3134 literae
193 3080 273 3137 satis
293 3070 445 3135 liberales.
476 3082 487 3141 (
496 3094 524 3133 a.
547 3095 577 3133 u.
599 3097 627 3134 c.
650 3082 730 3141 707.)
758 3077 830 3133 sica.
857 3072 1283 3163 DeqnoCaesarinsenato‚
1309 3087 1413 3153 aperte

77 3151 112 3208 sd
128 3148 213 3211 Fam.
240 3154 296 3221 12,
315 3158 364 3212 25.
384 3182 429 3205 ι·
465 3151 578 3213 Caesar
609 3154 650 3209 ita
684 3153 730 3208 ιι-
759 3154 792 3209 in
817 3152 984 3209 Antonium
1014 3150 1173 3220 invehens,
1205 3162 1328 3231 questus
1355 3162 1412 3209 est.

77 3222 159 3284 detur
183 3228 414 3286 Alexandream
438 3237 559 3297 tenere,
598 3238 631 3293 Ιιιι
663 3245 729 3285 euin
759 3224 833 3285 lhid.
853 3230 877 3297 6.
898 3227 943 3284 78.
973 3256 1008 3271 ·-
1036 3227 1098 3284 Ter
1128 3227 1312 3303 depugnavit
1338 3226 1416 3286 Cae-

77 3301 206 3369 seribere
239 3307 330 3363 etiam
358 3302 470 3379 pudeat
490 3303 525 3361 de
546 3300 605 3360 illis
625 3300 729 3361 rebus.
759 3322 811 3359 aar
824 3322 890 3359 cum
905 3298 1038 3369 ciuibus,
1059 3304 1091 3360 in
1106 3302 1278 3371 Thessalia,
1297 3302 1413 3370 Africa,

77 3374 112 3447 (a.
131 3398 160 3435 u.
183 3399 211 3437 c.
236 3385 318 3453 707.)
347 3378 385 3437 ad
404 3381 468 3437 Att.
497 3385 729 3447 11,15,1.·-
760 3377 916 3452 Hispania.
967 3374 1044 3434 lbid.
1074 3382 1129 3447 50,
1162 3382 1207 3440 75.
1239 3408 1269 3419 -
1300 3378 1414 3436 Caesar

78 3450 195 3512 Caesar.
219 3455 264 3530 (a.
288 3463 340 3516 707
357 3484 388 3495 -
405 3456 484 3529 709.)
512 3454 672 3512 Caesarem
692 3452 730 3509 ab
758 3453 896 3529 ,collega
914 3452 1042 3509 noste1·”
1063 3459 1279 3525 (a.o.c,708.)
1299 3453 1414 3513 scilia

76 3524 271 3587 Alexandrea
289 3530 465 3587 discessisse
485 3548 574 3603 nemo
595 3531 730 3595 nuntiat;
760 3548 796 3585 au
818 3540 918 3585 oratu.
936 3558 966 3568 -
990 3526 1257 3603 Sperarevideor‚
1279 3528 1413 3598 Caesari,

77 3616 252 3684 constatque
274 3624 312 3662 ne
332 3606 500 3680 proiectum
516 3604 634 3681 quidem
649 3604 731 3661 illinc
761 3548 890 3678 nabogar
910 3615 1034 3670 nostro,
1054 3605 1118 3660 lore
1140 3622 1232 3677 curae
1253 3614 1282 3660 et
1302 3623 1368 3661 esse
1383 3615 1415 3669 nt

76 3698 160 3755 quem
182 3700 255 3739 ιιιιιι
278 3690 347 3755 post
366 3679 437 3737 Idus
456 3679 546 3738 biart.
566 3685 656 3754 (707.)
675 3697 731 3735 nec
761 3677 921 3735 habeamus
942 3676 1072 3755 aliqumm
1091 3696 1154 3737 rem
1180 3677 1341 3811 publicans.
1375 3679 1414 3735 ad

76 3701 234 3826 pertidus
257 3753 419 3813 Decembr.
441 3754 533 3830 (706)
553 3753 590 3809 ab
610 3753 662 3811 illo
682 3754 733 3811 da·
759 3752 844 3809 Faiss.
867 3759 919 3822 15,
941 3756 993 3821 68,
1021 3761 1048 3810 2.
1068 3753 1160 3811 —In
1207 3773 1241 3810 ac
1267 3772 1341 3828 pace
1362 3761 1411 3818 (a.

77 3836 119 3891 tes
138 3832 217 3889 ullas
239 3831 369 3889 litteras.
408 3830 446 3887 ad
465 3833 528 3888 Att.
553 3839 604 3899 11,
627 3838 680 3899 17,
702 3832 729 3888 5.
762 3827 922 3901 ιι.ι.7ο9.)
943 3828 1034 3887 multa
1054 3841 1140 3897 sunt,
1160 3848 1236 3906 quae
1257 3848 1294 3886 ne
1314 3830 1413 3905 ipsum

80 3933 108 3945 ·-
127 3902 175 3964 De
197 3905 281 3965 illius
302 3905 492 3964 Alexandrea
523 3905 658 3963 discessu
684 3906 733 3960 ni·
761 3902 880 3981 quidem
894 3902 1056 3963 Caesarem
1075 3903 1232 3962 delectant.
1259 3900 1414 3963 Bellorum
1437 3916 1441 3923 ’

75 3978 117 4037 hil
143 3983 244 4041 adbuc
271 3982 418 4047 rumoris,
444 3992 610 4055 contrane
630 3983 732 4057 opinio
762 3980 841 4037 cuim
869 3979 1003 4037 civilium
1030 3982 1050 4037 ii
1069 3999 1189 4056 semper
1209 3982 1307 4038 exitus
1327 3990 1408 4045 sont,
1523 4042 1526 4049 ¹

76 4056 161 4115 valde
183 4078 253 4116 esse
274 4057 458 4133 impeditum.
485 4056 530 4115 lb.
553 4002 610 4133 lp.
634 4066 680 4123 18,
703 4063 733 4112 1.
761 4067 795 4111 ut
814 4075 876 4112 non
896 4074 931 4111 ea
950 4056 1047 4112 solum
1065 4054 1155 4124 liant,
1175 4075 1252 4134 qnae
1271 4055 1346 4112 velit
1365 4057 1412 4111 vi-

77 4159 112 4174 ·-
144 4132 263 4193 Caesar
303 4136 393 4191 enam
432 4132 564 4191 Salustio
606 4133 731 4207 ignovit.
762 4141 844 4197 otor,
866 4130 1048 4200 sedetiam,
1069 4128 1411 4207 utiismosgerendus

77 4204 209 4267 Omnino
231 4209 344 4271 dicitur
365 4211 478 4267 nemini
498 4228 625 4283 negare3
654 4208 733 4284 quod
762 4209 817 4273 sit,
840 4204 948 4281 quibus
962 4204 1148 4263 adiutoribus
1162 4207 1202 4265 sit
1215 4217 1301 4282 parta
1315 4208 1412 4263 victo-

79 4284 84 4292 ’
201 4296 250 4343 est
270 4294 459 4360 suspectum,
490 4288 642 4342 notionem
669 4285 732 4340 eius
761 4284 817 4337 ria.
847 4279 883 4337 ad
902 4278 986 4338 Fam.
1010 4289 1062 4349 12,
1085 4288 1138 4349 18,
1159 4292 1187 4340 2.
1206 4313 1243 4325 -
1262 4281 1336 4338 ιιῙιιιι
1364 4283 1413 4338 iu·

97 4356 206 4416 illes-ri.
234 4358 282 4419 lb.
301 4360 357 4435 Ep.
377 4368 424 4427 20,
446 4368 474 4416 2.
496 4392 532 4406 -
552 4359 645 4418 Multa
667 4378 731 4414 eusn
761 4358 891 4414 dicatum
911 4367 975 4426 est,
999 4359 1130 4414 simodo
1150 4357 1207 4413 hoc
1227 4356 1339 4414 Caesar
1361 4364 1414 4412 aut

76 4434 107 4489 in
120 4435 196 4493 Asis
211 4436 357 4497 dicuntur
366 4438 489 4502 snorari,
502 4439 630 4509 maxime
640 4436 733 4493 Phar·
761 4433 892 4509 patietur
905 4444 956 4489 aut
969 4433 1068 4500 solet,
1090 4432 1240 4508 deponere
1253 4431 1333 4489 illam
1352 4431 1413 4488 iam

77 4527 178 4583 npces.
205 4509 254 4571 Ih.
275 4511 323 4588 Ep
473 4498 510 4555 -'
530 4512 641 4575 Caesar
661 4509 733 4568 Ale·
756 4526 938 4583 personam,
970 4511 1001 4567 in
1030 4528 1087 4586 qna
1114 4528 1160 4565 use
1181 4527 1269 4584 saepe
1290 4506 1333 4563 illi
1353 4508 1413 4583 ipsi

76 4585 206 4717 pandria
227 4606 262 4647 sa
283 4590 413 4663 recepit,
433 4588 519 4648 felix.
539 4596 572 4643 ιιι
590 4585 650 4647 sibi
669 4587 733 4663 qui·
761 4582 907 4660 probavi,
936 4604 971 4641 ac
991 4604 1038 4641 me
1059 4597 1152 4661 totum
1172 4587 1204 4641 in
1223 4584 1339 4641 litteras
1358 4580 1414 4640 ab·

98 4679 145 4719 em
164 4658 346 4732 videbatur,
368 4682 434 4719 anea
453 4675 551 4719 autem
571 4664 730 4728 sententia,
762 4661 843 4716 dere.
873 4658 911 4715 ad
930 4659 1013 4715 Fam.
1035 4670 1063 4729 7,
1084 4667 1131 4727 55,
1154 4668 1182 4716 2.
1207 4689 1237 4700 -
1260 4656 1413 4734 Epistulae

79 4740 130 4811 qni
148 4737 357 4816 reipublicae
374 4741 414 4795 sit
435 4734 554 4805 infelix,
575 4736 649 4796 lelix
669 4755 732 4795 esse
763 4736 918 4794 Ciceronis
941 4734 978 4791 ad
998 4754 1065 4797 euru
1084 4738 1195 4793 missae
1214 4755 1242 4790 a.
1257 4753 1288 4791 u.
1305 4754 1330 4790 c.
1346 4737 1411 4796 709.

79 4830 167 4871 nemo
176 4825 290 4890 potest.
303 4815 395 4872 Hasta
403 4816 501 4888 posita
509 4812 645 4901 proaede
653 4813 733 4870 lovis
763 4811 800 4873 ad
819 4810 902 4867 Fam.
925 4815 971 4872 15.
993 4800 1050 4887 ΕΡ.
1073 4817 1107 4873 15
1128 4822 1159 4868 et
1178 4814 1224 4872 16.
1246 4839 1282 4853 -
1302 4810 1415 4868 Caesa-

82 4880 213 4947 Statoris
232 4890 313 4949 bona
326 4891 383 4948 Cn.
398 4889 532 4964 Pompeii
545 4888 648 4965 Magni
667 4891 734 4944 voci
762 4906 827 4943 rem
845 4878 993 4962 putabant
1009 4887 1132 4945 moleste
1144 4887 1275 4945 laturum
1287 4895 1415 4943 mortem

82 4960 296 5024 acerbissimae
316 4976 387 5024 sunt
405 4962 539 5024 subiecta
555 4964 733 5042 praeconis:
762 4963 798 5022 P.
820 4960 922 5025 Sullae
942 4960 984 5039 (a.
1000 4983 1029 5021 u.
1045 4984 1072 5023 c.
1090 4964 1183 5040 700),
1203 4973 1358 5022 verentem
1376 4975 1415 5015 ne
