3288 5594
231 434 245 461 .
303 386 365 455 608
602 410 607 413 ·
729 378 784 453 Μ.
809 378 1012 453 TULLIUS
1035 376 1225 457 cleu-uo.

301 547 372 588 cere
403 524 569 586 amicorum
601 529 959 604 contemptoribus·
989 547 1160 586 eversorem
1178 523 1373 603 reipublicae
1386 525 1461 592 iore3
1478 525 1583 602 idquen·
1610 518 1611 557 l

301 604 460 663 consulunt
485 604 711 681 designatorum
733 614 857 660 ornatas
880 622 956 670 esse,
989 614 1091 661 uatum
1103 607 1279 679 gravissime
1292 603 1431 669 laturum,
1450 604 1585 659 etutttitin

302 680 384 759 quod
413 688 571 747 vereatur,
602 698 640 736 ne
669 698 703 736 ca
732 698 782 735 res
810 697 959 734 novorum
989 680 1024 737 de
1045 683 1109 737 cius
1128 681 1208 737 iacto
1229 680 1411 745 referreturt
1439 678 1488 735 hoc
1509 697 1585 752 quoquc

300 756 493 814 tribunorum
512 753 608 831 plebis
628 756 744 811 animos
761 774 777 810 a
792 772 824 811 se
838 754 956 811 alienet.
988 755 1131 824 additura,
1153 758 1180 813 si
1193 754 1298 812 diebus
1312 756 1451 831 quinqua,
1468 751 1586 829 quibusagi

302 832 341 889 ad
357 832 421 889 Att.
444 837 472 896 ὅ,
495 835 542 899 24,
566 837 592 887 t.
617 859 647 871 -
669 828 750 887 SCto
770 832 806 887 de
825 830 888 904 lege
908 830 959 887 Ci-
989 830 1024 886 de
1037 831 1183 889 Cicerone
1194 833 1352 906 potuisset,
1368 848 1428 885 non
1440 838 1507 885 esset
1515 838 1586 893 attan,

302 910 424 966 cernuis
437 904 616 963 restituendi
629 924 717 962 causa
734 905 857 962 ferenda
871 907 959 972 iacto,
989 906 1103 989 redp'rct
1122 907 1155 963 in
1174 911 1303 981 patriani
1323 906 1465 981 dignitate
1484 905 1547 959 onni
1558 922 1587 958 ιι-

303 981 412 1040 soribit
426 1001 457 1039 se
468 982 542 1056 legis
553 982 958 1113 lationemcxspectaturuin,
989 992 1143 1057 caperata.
1172 1001 1229 1056 pro
1242 980 1342 1043 Sestio
1357 989 1404 1049 61,
1421 977 1588 1039 its-sinn

199 1052 202 1067 '
303 1061 331 1116 si
356 1060 422 1134 quis
449 1066 548 1115 autem
573 1056 714 1114 tribunus
741 1056 836 1133 pebis
865 1059 959 1113 iuter·
989 1058 1126 1114 decrerit
1144 1069 1285 1124 senatus,
1314 1068 1348 1113 ut
1367 1058 1424 1123 iis,
1445 1056 1588 1132 quiextiu

303 1136 447 1201 cesserit,
479 1134 658 1190 auctoritate
687 1143 809 1189 senatus
835 1150 961 1188 usurum
988 1133 1075 1189 Italia
1102 1131 1207 1190 salutis
1231 1132 1389 1190 Ciceronis
1416 1150 1495 1188 canu
1517 1147 1588 1186 conia

304 1220 334 1267 et
353 1210 401 1266 vel
420 1227 489 1267 cnm
509 1210 587 1265 vitae
613 1209 749 1282 periculo
774 1210 805 1265 iu
831 1210 960 1284 patriam
991 1218 1108 1274 rimant,
1128 1220 1291 1284 agerentur
1311 1210 1436 1284 gratiae,
1457 1207 1589 1281 atqnent'n

306 1286 482 1344 rediturum.
523 1283 561 1339 ad
581 1285 645 1340 An.
667 1291 695 1351 5,
717 1291 762 1344 26.
990 1285 1057 1341 dein
1076 1284 1113 1340 ad
1133 1303 1183 1341 res
1203 1283 1363 1341 redeuntes
1384 1296 1417 1340 ut
1434 1284 1589 1339 renitentis

341 1361 380 1419 A.
404 1381 433 1417 u.
456 1380 484 1417 c.
508 1366 661 1419 697..aet.
685 1358 722 1416 L.
762 1360 797 1416 P.
820 1358 960 1417 Cornelio
989 1370 1145 1435 parentur.
1174 1378 1231 1434 pro
1245 1358 1345 1416 Sestio
1364 1363 1413 1427 62,
1435 1364 1491 1416 129.
1511 1355 1590 1412 -Pa-

303 1436 434 1494 Lentulo
453 1434 616 1511 Spinthere
636 1446 666 1492 et
686 1436 725 1508 Q.
746 1434 876 1493 Caecilio
896 1434 962 1492 Me·
991 1437 1037 1492 die
1058 1435 1138 1492 Non.
1154 1432 1260 1492 Sextil.
1282 1435 1331 1491 lex
1352 1434 1389 1491 de
1408 1430 1589 1491 revocandnssi

304 1512 375 1569 tello
395 1531 474 1568 coss.
491 1512 598 1569 Cicero
612 1514 741 1586 primum
756 1511 888 1577 Metello,
910 1512 962 1587 qni
991 1530 1101 1569 cernue
1119 1510 1248 1568 consitiis
1262 1510 1440 1567 centuriatis
1452 1508 1485 1564 ad
1497 1506 1590 1584 populis

304 1588 441 1663 deposita
460 1587 612 1644 simultate
631 1587 791 1644 Lentulum
811 1588 842 1643 in
862 1606 898 1643 eo
912 1605 962 1642 re·
992 1588 1048 1644 lata
1070 1595 1132 1653 est,
1155 1595 1185 1641 et
1203 1604 1319 1642 summo
1338 1588 1470 1642 omniurn
1487 1584 1590 1640 centuria

306 1663 457 1720 stituendo
471 1663 638 1730 adiuvaret,
661 1665 774 1739 gratius
788 1663 858 1738 agit,
879 1679 962 1719 euin·
991 1681 1059 1720 rum
1078 1679 1230 1719 consensu
1243 1671 1378 1736 accepta.
1406 1655 1589 1718 Eademdiess'e

198 1798 202 1806 ,
306 1750 522 1815 quantopere
548 1736 608 1795 sibi
632 1739 713 1794 ferre
736 1747 843 1814 perget
860 1746 959 1824 rogat.
991 1756 1062 1795 cero
1075 1737 1267 1809 Dyrrhachio
1287 1737 1441 1812 profectus
1453 1731 1589 1794 NonisSut

306 1815 344 1872 ad
362 1814 446 1871 Fam.
468 1819 503 1882 5,
523 1818 553 1873 4.
583 1842 614 1853 -
644 1813 786 1870 Kalendis
812 1814 962 1870 Ianuariis
992 1812 1186 1870 Brundisium
1220 1816 1320 1878 venit.
1356 1811 1457 1889 ibique
1484 1807 1590 1867 Tulliati

306 1909 375 1947 enin
401 1890 437 1945 de
458 1888 605 1947 Cicerone
632 1889 739 1947 consul
758 1888 905 1946 Lentulus
925 1888 962 1945 ad
1013 1900 1114 1946 raesto
1139 1889 1211 1955 init,
1240 1888 1333 1945 natali
1360 1906 1417 1944 suo
1441 1887 1494 1944 die.
1523 1884 1590 1940 ludet

307 1975 445 2037 senatum
463 1964 647 2031 rettulisset,
676 1967 819 2041 princeps
840 1974 963 2021 senten·
991 1909 1185 2023 brundisium
1210 1965 1422 2021 honestissime
1445 1960 1590 2019 urnatmitu

305 2042 380 2099 naui
398 2051 521 2116 rogatus
541 2040 577 2096 L.
601 2040 688 2098 Cotta
709 2041 801 2107 dixit,
830 2039 905 2097 nihil
927 2041 962 2095 de
992 2044 1032 2099 ita
1052 2041 1134 2108 fecit,
1156 2050 1189 2096 ut
1209 2039 1341 2115 undique
1361 2040 1400 2096 ad
1413 2051 1591 2094 eumenueuu·

307 2116 454 2175 Cicerone
475 2127 575 2173 actuui
596 2134 661 2175 esse
681 2118 759 2185 iure,
786 2115 860 2172 nibil
881 2133 963 2172 more
993 2116 1193 2193 gratulatione
1206 2115 1296 2191 legati
1310 2115 1460 2172 venerint.
1482 2112 1590 2169 additi

306 2192 471 2259 maiorum,
500 2192 574 2249 nihil
601 2190 734 2268 legibus;
763 2210 856 2268 quare
876 2210 962 2257 cum,
995 2207 1022 2259 1,
1045 2195 1072 2248 4.
1102 2193 1134 2247 iu
1153 2190 1256 2248 Pisou.
1276 2196 1330 2257 22,
1353 2195 1402 2250 51.
1423 2220 1454 2231 -
1473 2183 1591 2246 adulo

308 2270 360 2345 qui
384 2267 466 2323 nulla
494 2268 559 2341 lege
588 2266 726 2333 abesset,
758 2285 819 2323 non
847 2267 964 2324 restitui
993 2266 1073 2342 prid.
1095 2266 1174 2323 Non.
1196 2264 1280 2341 Sept.
1309 2269 1351 2322 ita
1378 2268 1474 2333 venit,
1498 2273 1524 2319 ut
1542 2275 1592 2317 nent

306 2344 390 2420 lege,
411 2342 463 2399 sed
483 2345 624 2401 revocari
644 2353 765 2400 senatus
786 2344 964 2399 anctoritate
994 2342 1083 2399 ullius
1103 2341 1220 2398 ordinis
1242 2342 1330 2398 bomo
1352 2341 1592 2398 nomenclatnriae

308 2429 461 2495 oportere.
502 2436 559 2493 pro
580 2416 682 2475 Sestio
700 2423 754 2485 34,
777 2423 822 2477 73.
843 2448 876 2462 -
904 2415 964 2474 Sed
992 2428 1041 2475 tus
1061 2417 1161 2483 inerit,
1184 2418 1281 2494 quiri
1301 2416 1424 2475 obviam
1442 2412 1591 2473 uunveueut

307 2505 379 2571 post
398 2513 465 2551 euru
479 2494 535 2551 Cn.
551 2493 712 2569 Pompeius
726 2492 812 2561 dixit,
831 2511 896 2550 sese
911 2494 964 2550 otii
993 2503 1114 2570 praeter
1125 2493 1274 2550 inimicos.
1297 2491 1375 2549 Cum
1384 2490 1592 2562 venissetadptt·

308 2569 464 2628 Ciceronis
478 2588 579 2637 cansa,
597 2581 629 2625 ut
641 2570 724 2626 omni
738 2567 877 2644 populari
890 2586 964 2626 eon·
993 2581 1055 2625 tarn
1075 2568 1245 2644 Capenam,
1275 2568 1389 2646 gradus
1415 2556 1592 2643 temptor-und

310 2646 458 2705 citationc'
472 2645 697 2732 defungeretur,
719 2662 854 2712 censere,
876 2655 911 2707 nt,
927 2643 964 2700 ad
995 2643 1095 2702 infima
1126 2641 1212 2718 plebe
1241 2643 1386 2718 completi
1416 2655 1509 2707 erant,
1530 2652 1592 2720 apt

308 2732 430 2778 senatus
463 2730 674 2778 auctoritatem
708 2719 812 2795 populi
846 2737 964 2797 quoquc
995 2721 1101 2795 plausu
1120 2720 1252 2777 inaximo
1272 2739 1340 2777 cunr
1358 2714 1593 2791 esseteigratubtt

308 2796 435 2855 Romani
456 2795 634 2854 beneficium
654 2815 725 2873 erga
741 2815 807 2853 enm
821 2796 965 2872 adiunge·
994 2794 1173 2871 significata,
1189 2795 1294 2853 similis
1306 2805 1336 2851 et
1347 2789 1594 2874 frequentiaetpltt-

308 2884 403 2930 retur.
442 2891 499 2947 pro
519 2871 618 2929 Sestio
638 2875 692 2939 54.
717 2877 763 2931 74.
788 2872 966 2928 —Interim
995 2891 1045 2929 sus
1065 2890 1132 2929 eum
1151 2890 1247 2948 usque
1267 2871 1305 2928 ad
1318 2871 1495 2946 Capitolium
1508 2863 1595 2945 celebre

309 2944 965 3014 cumomuirnora,ludificatione,calumnia
995 2950 1054 3015 rit,
1085 2949 1115 3004 iu
1142 2948 1268 3034 foroque
1295 2959 1325 3003 et
1343 2950 1386 3005 -iu
1412 2951 1476 3023 ipso
1497 2938 1594 3018 cipuli

309 3034 432 3081 senatus
453 3024 619 3081 auctoritas
639 3025 677 3080 ini
702 3021 852 3090 ediretnr,
884 3024 968 3078 venit
995 3023 1130 3080 miranda
1145 3023 1303 3083 multitudo
1316 3023 1383 3079 init.
1405 3024 1441 3081 ad
1455 3016 1593 3085 44441ιὶ

308 3100 428 3156 tandein
460 3099 581 3156 concilii
612 3098 648 3154 de
679 3042 827 3155 dicei-one
858 3098 966 3175 agendi
995 3102 1026 3156 in
1040 3099 1143 3156 Pison.
1157 3104 1205 3167 22,
1221 3104 1320 3159 ta-
1339 3099 1488 3157 Postridie
1503 3099 1520 3152 i.
1531 3088 1595 3149 elle

262 3212 273 3237 ,
309 3174 373 3230 dies
393 3173 476 3231 vl11.
497 3173 564 3229 Kal.
583 3172 673 3230 Febr.
714 3173 780 3231 Hoc
801 3184 899 3229 autent
918 3174 965 3230 die
996 3176 1042 3231 uis
1062 3173 1145 3248 Sept.
1167 3174 1284 3231 senatui
1301 3176 1417 3250 gratias
1438 3176 1507 3248 egit;
1524 3179 1594 3226 etti·

309 3248 433 3307 Clodius
454 3267 522 3305 cuin
535 3250 598 3304 suis
612 3247 735 3305 asseclis
750 3249 840 3304 caede
856 3250 885 3304 in
899 3249 966 3305 foro
995 3268 1031 3307 eo
1051 3248 1142 3307 biduo
1162 3268 1278 3307 summa
1304 3261 1386 3307 esset
1413 3264 1534 3306 annonae
1548 3259 1594 3300 ean·

308 3326 439 3385 maxima
452 3325 541 3385 facta.
562 3323 721 3400 multisque
735 3323 900 3380 volneratis
914 3343 967 3380 co·
995 3336 1052 3391 tas.
1075 3323 1271 3402 Clodianiquc
1292 3325 1450 3383 Ciceronis
1468 3339 1543 3399 opera
1558 3319 1594 3372 l*

309 3401 392 3457 mitia
418 3397 566 3466 turbarit,
595 3397 784 3474 reditumque
811 3398 966 3457 Ciceronis
996 3403 1089 3459 incuti
1107 3402 1238 3475 inopiam
1260 3419 1325 3458 csse
1341 3403 1512 3465 clamarent,
1528 3396 1593 3453 latu!

309 3474 433 3533 flumine
452 3476 608 3549 sanguinis
627 3473 887 3532 intercludendum
933 3494 967 3530 n·
996 3475 1169 3542 estSCtum
1183 3479 1215 3533 iu
1230 3475 1389 3534 Ciceronis
1409 3470 1611 3549 sententiani.

310 3553 393 3608 tavit.
434 3568 490 3623 pro
510 3549 610 3608 Sestio
630 3556 686 3618 55.
708 3557 753 3611 75.
775 3578 811 3593 -·
831 3550 897 3607 Tau
921 3569 967 3607 cm
995 3553 1138 3626 Pompeio
1162 3562 1294 3627 potestas
1321 3554 1366 3608 rei
1386 3548 1611 3611 frumentaiittffli

309 3628 390 3685 facto
410 3623 500 3692 scio,
523 3637 556 3683 ut
576 3625 732 3684 Ciceronis
753 3644 844 3684 causa
865 3628 967 3685 cuncti
997 3630 1233 3704 quinquennium
1247 3628 1381 3684 daretur.
1405 3628 1441 3685 ad
1454 3620 1611 3687 Atthlih'

311 3704 445 3780 quirem
466 3700 548 3777 publ.
570 3703 685 3759 salvam
703 3702 815 3759 vellent
831 3702 967 3759 cxltalin
1000 3733 1031 3746 -
1052 3702 1136 3761 Prid.
1151 3702 1218 3761 Kal.
1233 3701 1361 3760 Octobr.
1384 3703 1488 3761 Cicero
1502 3699 1592 3766 detis

312 3788 562 3844 convocarentur,
574 3776 838 3855 compluribusque
847 3776 968 3834 Lentuli
997 3778 1103 3845 domo,
1130 3798 1220 3855 quant
1239 3778 1362 3839 Clodius
1384 3777 1547 3836 incenderat
1570 3763 1591 3820 ll!

311 3872 374 3911 cos.
400 3864 430 3910 ct
454 3852 591 3927 Pompeii
617 3853 807 3921 contionibus
841 3853 877 3911 dc
904 3855 967 3925 eius
997 3858 1060 3912 eius
1072 3857 1264 3911 restitutione
1275 3851 1591 3923 contentionesinsennt

311 3928 407 3987 salute
427 3926 536 3985 habitis
550 3928 701 3987 Lentulus.
709 3929 817 3987 consul
832 3938 969 3987 seustiuu
997 3929 1035 3987 ad
1048 3931 1112 3991 An.
1129 3934 1156 3999 4,
1171 3935 1200 3998 2,
1216 3937 1243 3989 2.
1262 3958 1293 3971 -
1313 3930 1388 3989 Eius
1409 3929 1517 3985 domum
1530 3932 1553 3977 et
1563 3912 1592 3972 nl

311 4007 344 4063 iu
371 4000 551 4083 Capitolium
581 4005 778 4072 convocavit3
810 4003 908 4082 ibique
936 4007 967 4061 in
996 4005 1040 4061 las
1060 4024 1141 4063 cosa.
1163 4025 1202 4062 ex
1218 4003 1298 4065 scio
1318 3998 1590 4062 restituendaim-d

311 4079 423 4155 templo
436 4080 518 4136 lovis
538 4089 659 4139 senatus
679 4082 849 4138 consultum
866 4080 902 4136 de
916 4079 979 4138 Ci·
997 4079 1076 4141 illain
1088 4080 1431 4150 aestimautHS.nicies,
1447 4073 1591 4137 uncum·
1610 4070 1611 4135 ἶ

313 4173 424 4215 cernue
443 4153 615 4213 revocando
629 4156 740 4212 iactum
754 4167 811 4224 est,
833 4159 863 4213 iu
877 4156 968 4213 Pom·
997 4169 1026 4214 ct
1045 4156 1241 4217 Formianum
1267 4157 1352 4215 valde
1374 4153 1551 4219 illiberaliter.
1573 4136 1591 4193 14
1610 4184 1611 4231 q

312 4232 373 4308 peii
393 4232 588 4298 senteutiam,
611 4232 676 4306 (qni
696 4231 732 4287 dc
753 4234 867 4306 scripto
888 4230 968 4289 dicta
997 4234 1060 4291 an.
1081 4233 1110 4300 4,
1131 4240 1158 4297 2,
1177 4241 1204 4292 5.
1227 4263 1260 4276 -
1282 4233 1381 4291 Clodii
1400 4243 1500 4290 eontra
1515 4226 1611 4301 Citflti

312 4308 461 4364 sententia
490 4305 631 4363 Ciceroni
662 4309 864 4364 testimouium
894 4326 979 4364 cou·¹
997 4327 1066 4365 nem
1091 4308 1180 4380 etQ.
1200 4309 1327 4367 fratrem
1352 4302 1611 4379 internecioni

312 4391 450 4439 servatae
469 4384 585 4458 patriae
605 4382 753 4450 dederat).
792 4403 848 4459 pro
869 4381 968 4440 Sestio
995 4383 1114 4445 adAtt.
1132 4385 1161 4453 4,
1180 4393 1207 4446 3.
1229 4414 1268 4429 —
1288 4385 1353 4443 Cic.
1375 4380 1591 4441 nuntiant·

311 4461 366 4525 60.
390 4465 453 4518 128-
476 4484 512 4500 -
531 4458 623 4534 quue
645 4456 756 4516 SCtum
783 4461 813 4515 iu
837 4459 965 4531 theatro,
997 4461 1112 4591 ripere,
1133 4478 1168 4516 re
1181 4460 1324 4523 familiari
1338 4459 1533 4519 counimur
1547 4457 1611 4531 Q

314 4551 444 4589 cum-eo
469 4535 576 4591 consul
601 4544 630 4590 et
649 4546 805 4595 senatores
826 4534 863 4591 ad
883 4533 968 4589 ludos
998 4556 1015 4593 a
1055 4535 1120 4593 au.
1143 4541 1172 4604 4,
1194 4541 1224 4604 2,
1247 4542 1274 4596 7.
1610 4536 1611 4575 l

313 4607 494 4738 spectandos
526 4610 758 4680 convenissent,
800 4606 970 4667 incredibili
1034 4610 1368 4677 A.u.e.asa.aer.1.1.
1390 4582 1611 4673 ciceroniani

313 4701 446 4816 {titt
461 4695 509 4818 ii.
526 4684 898 4821 ll”¹‡{.h.⁰⁰i⁰.¹l’.‘.⁰ilh¹¹i¹i
912 4695 968 4816 ’ἱὲ
998 4671 1590 4838 titl⁶ciltltt⁸tt.t¹‘t.t‘t.lft

314 4836 382 4913 quis
402 4833 441 4891 ad
462 4835 650 4911 impedienda
676 4839 797 4895 coniitia
822 4838 859 4895 de
885 4802 968 4901 cbelo
997 4837 1081 4895 Fani.
1096 4851 1123 4906 a,
1139 4846 1168 4897 1.
1182 4832 1212 4897 2.
1224 4840 1258 4899 4.
1271 4843 1301 4898 5.
1317 4844 1344 4897 7.
1354 4803 1401 4896 ad
1413 4835 1449 4908 Q.
1461 4818 1587 4893 Ill-W

315 4918 463 4981 servaret,
487 4912 612 5053 nequis
631 4932 748 4971 moram
766 4913 859 4971 ullam
878 4909 969 4970 affer·
997 4944 1034 4958 ···
1053 4914 1090 4973 Iu
1109 4932 1143 4970 ea
1162 4932 1197 4970 re
1216 4912 1321 4973 babuit
1338 4915 1494 4975 crannum
1507 4900 1588 4964 Μ’

416 4980 424 4996 Ι

314 4994 374 5057 cet,
397 5002 424 5041 n
443 4986 510 5061 quis
526 5004 547 5045 a
570 4998 617 5051 ter
635 4989 767 5060 recuset,
792 5008 860 5051 eum
878 4986 980 5065 plane.
995 4988 1182 5063 Ptolemaeo,
1196 5008 1286 5068 qnam
1298 4964 1588 5051 comminuendi&
