3514 5594
258 402 300 470 P.
316 400 458 472 CORN.
474 401 631 473 SCIPIO
646 447 688 460 -
710 404 753 470 P.
771 401 914 471 CORN.
932 400 1050 471 sctP.
1066 401 1378 470 summanus
1423 401 1485 468 187

189 543 226 602 Ρ.
247 543 417 603 Conuenae
432 544 555 617 Scraro,
578 543 657 603 lilius
670 544 808 603 Africani
838 546 872 603 G.
899 544 1008 603 Fulvio
1037 544 1158 602 Flacco.
1209 542 1326 615 Eodem
1355 561 1436 600 anno
1463 542 1493 600 ei

153 622 288 685 maioris,
306 622 343 686 is,
360 623 411 698 qui
426 623 505 679 hunc
525 623 673 678 minorem
687 619 809 696 Scipio·
839 621 987 697 Hispania
1011 620 1136 679 citerior
1160 617 1331 697 bellumque
1354 619 1493 676 Numan-

134 713 223 752 ·nem
240 696 375 753 aPaallo
389 696 552 772 adoptavit,
571 699 597 753 si
610 714 740 771 corpore
753 715 809 752 ra·
837 699 933 754 tinum
953 705 1039 753 extra
1059 708 1171 753 sortem
1189 695 1343 753 decretum
1365 705 1420 751 est.
1451 695 1491 751 A.

152 769 275 837 luisset,
296 772 453 847 inprimis
475 770 593 829 habitas
613 783 693 829 esset
712 771 809 828 diser·
838 791 867 828 u.
889 792 917 829 c.
939 779 1005 831 621.
1033 771 1226 828 Numantiam
1243 773 1323 846 cepit
1342 780 1372 826 et
1389 769 1494 826 fundi·

152 856 220 903 tus:
248 846 384 904 indicant
406 866 473 903 cnm
493 847 717 915 oratiunculae,
745 858 808 903 tum
836 857 884 904 tus
907 846 1031 914 delevit3
1053 865 1191 924 annoque
1209 856 1352 923 sequente
1372 844 1409 902 de
1426 844 1494 903 Nu-

81 968 88 987 ,
151 922 279 978 historia
300 921 444 999 quaedam
458 923 587 991 Graeca,
610 926 724 998 scripta
742 921 809 978 dnl-
839 925 982 979 maurinis
1007 923 1214 998 triumphavit.
1261 922 1301 978 A.
1324 940 1354 977 ιι.
1377 939 1404 977 c.
1425 925 1492 979 625.

152 995 286 1053 cissime.
326 997 413 1054 Brut.
437 1002 489 1064 19,
513 1005 559 1059 77.
581 1028 618 1043 -
636 999 670 1055 Ρ.
692 997 809 1057 Corne·
837 1018 905 1055 cum
924 999 1058 1055 ferveret
1071 998 1179 1054 seditio
1194 996 1393 1055 atriumairis
1410 997 1493 1071 agris

151 1071 211 1129 lina
224 1070 329 1147 Scipio
346 1071 425 1129 filius
441 1075 609 1148 superioris
620 1074 757 1130 Africani
771 1092 809 1129 ex
838 1073 1010 1131 dividundis
1038 1074 1070 1132 C.
1097 1072 1253 1136 Graccho,
1281 1071 1314 1128 G.
1337 1069 1490 1140 Carbone,

152 1146 283 1204 Aemilia
297 1148 393 1205 Paulli
407 1148 596 1205 Macedonici
616 1167 723 1205 sorore
735 1168 808 1224 pro-
838 1148 879 1205 Μ.
907 1149 1013 1205 Fulvio
1039 1149 1150 1205 Flacco
1179 1150 1328 1214 excitata,
1344 1207 1348 1214 ,
1362 1164 1493 1225 quorum

150 1233 222 1298 pter
242 1219 445 1280 infirmitatem
464 1224 645 1281 valetudinis
665 1243 728 1281 nou
747 1235 808 1280 tam
837 1225 956 1281 iniuriis
975 1224 1122 1280 adversus
1142 1224 1242 1280 socios
1257 1220 1361 1297 Scipio
1374 1222 1495 1297 gravis·

151 1297 254 1373 potuit
276 1301 372 1372 patris
401 1299 506 1356 similis
533 1318 616 1368 esse,
646 1318 736 1375 quam
759 1299 808 1356 ille
837 1301 911 1356 sime
933 1318 965 1357 se
985 1310 1186 1375 opposuerat,
1213 1315 1301 1353 mane
1327 1299 1358 1353 in
1381 1295 1494 1353 lectulo

151 1373 254 1430 fuerat
272 1374 330 1429 sui.
366 1372 403 1430 de
424 1373 485 1431 Off.
509 1380 606 1443 1,55,
629 1382 694 1433 121.
718 1403 749 1415 -·
770 1375 806 1431 Ρ.
837 1376 1201 1440 mortuusinveutusest,
1220 1374 1492 1439 innascituras,

152 1446 259 1522 Scipio
273 1449 409 1505 Africani
427 1447 518 1518 filius,
533 1450 639 1527 iquui
655 1448 809 1524 adoptavit
838 1469 899 1506 uon
930 1453 995 1507 sine
1022 1469 1131 1527 magna
1158 1449 1331 1522 suspicione
1356 1466 1424 1507 cum
1454 1444 1492 1503 ab

151 1523 332 1580 Africanum
357 1527 522 1594 minorem,
549 1526 605 1581 luit
632 1523 807 1592 imbecillus,
838 1527 968 1582 inimicis
988 1544 1106 1583 veneno
1124 1526 1337 1598 interemptum
1363 1523 1413 1580 rel
1434 1521 1493 1582 alio

152 1600 697 1675 tenuiautunllapotinsraletndine.
720 1601 809 1673 Quod
839 1600 926 1657 modo
957 1611 1051 1658 noctu
1077 1603 1105 1657 ei
1130 1604 1192 1657 vim
1218 1598 1332 1655 illatam
1354 1614 1431 1656 ease.
1459 1625 1493 1645 -ι

150 1674 186 1730 ni
204 1675 383 1743 infuisset,
405 1675 531 1733 alterum
552 1675 624 1732 illud
644 1678 809 1733 exstitisset
838 1674 942 1764 Scipio
961 1676 1028 1733 Alr.
1048 1678 1148 1732 minor
1174 1678 1205 1732 in
1230 1674 1326 1747 gloria
1347 1675 1393 1732 rei
1413 1672 1495 1730 mili-

149 1748 255 1805 lamen
292 1751 440 1818 civitatis;
473 1752 512 1807 ad
543 1762 700 1826 paternam
729 1752 808 1807 enirn
838 1763 911 1807 taris
923 1752 1058 1808 Paullum
1072 1760 1188 1827 patrem
1202 1751 1334 1808 imitatus
1350 1759 1405 1805 est.
1434 1766 1492 1823 pro

149 1823 387 1900 magnitudinem
412 1827 507 1883 animi
527 1826 665 1883 doctrina
685 1825 808 1891 uberior
838 1826 913 1883 Rab.
932 1828 1074 1883 Postumo
1092 1836 1119 1891 1,
1139 1835 1167 1884 2.
1188 1855 1224 1870 -
1245 1825 1417 1901 Discipulos
1435 1823 1495 1883 Ca·

149 1911 332 1956 accesserat.
361 1900 435 1957 Cato
458 1909 504 1969 11,
528 1907 574 1961 55.
600 1933 631 1944 -
653 1901 750 1958 Huius
770 1903 807 1957 ti·
838 1904 917 1958 tonis
938 1913 967 1958 et
984 1903 1089 1959 Laelii.
1119 1901 1236 1958 dclnv.
1258 1908 1285 1967 1,
1304 1907 1332 1969 0,
1350 1906 1378 1959 5.
1401 1930 1438 1944 -
1456 1898 1494 1956 Ῑιι

148 1975 232 2031 tulus
253 1985 393 2050 repertus
414 1986 461 2033 est
479 1978 511 2033 in
532 1987 724 2035 naonumento
738 1975 807 2033 Sei·
837 1979 973 2034 Africam
994 1982 1075 2034 venit
1096 1976 1147 2034 Μ’.
1163 1976 1288 2033 Manilio
1310 1974 1430 2033 consoli
1449 1982 1490 2041 (a.

148 2052 276 2126 pinnum
298 2062 383 2107 extra
404 2062 521 2126 portam
541 2053 708 2127 Capenam:
731 2052 808 2124 Quei
839 2072 865 2108 ιι.
878 2056 992 2119 ceos)
1012 2055 1049 2110 ad
1069 2064 1207 2129 quartam
1226 2051 1376 2127 legionem
1396 2048 1495 2106 tribu-

151 2127 270 2200 apicem
281 2126 398 2202 insigne
409 2127 503 2183 Dialis
515 2126 806 2204 flaminisgessistci,
838 2147 893 2183 nus
912 2129 1049 2184 militum.
1077 2128 1114 2185 de
1129 2128 1203 2200 Rep.
1226 2134 1254 2195 6,
1267 2129 1296 2193 9,
1313 2134 1341 2185 9.
1372 2125 1492 2190 (Somu.

149 2218 236 2257 mors
262 2202 389 2276 perfecit
414 2213 481 2267 tua,
516 2214 549 2259 ut
579 2214 681 2260 essent
709 2205 807 2259 omnia
838 2203 921 2277 Scip.
954 2203 988 2260 C.
1016 2210 1065 2273 1.)
1095 2230 1129 2249 ι·
1158 2202 1278 2260 Corona
1312 2200 1495 2259 obsidionali

151 2275 280 2345 brevia,
305 2277 400 2333 honos
426 2278 505 2333 fama
530 2280 685 2356 virtusque
731 2279 807 2334 loria
837 2280 966 2335 donatus
986 2298 1003 2334 a
1022 2278 1147 2335 Manilio
1167 2277 1300 2335 consule.
1327 2277 1427 2333 Varro
1441 2277 1493 2335 Fr.

151 2362 243 2428 atque
263 2354 430 2429 ingeniumt
458 2351 567 2428 quibus
592 2356 636 2411 sei
661 2358 692 2411 iu
712 2299 807 2428 longa
839 2374 867 2429 p.
888 2361 953 2414 552.
988 2354 1056 2429 Bip.
1078 2385 1113 2399 -
1132 2353 1176 2410 De
1199 2353 1347 2411 Africano
1372 2352 1421 2411 vel
1447 2354 1495 2408 iu-

151 2426 289 2484 licuisset
304 2426 365 2483 tibc
379 2428 458 2484 utier
472 2430 545 2497 vita,
563 2430 650 2487 facile
667 2448 808 2503 superas·
838 2447 907 2486 rare
928 2448 1061 2501 possum,
1080 2447 1141 2485 non
1161 2428 1244 2484 illum
1260 2427 1416 2485 iracundia
1430 2439 1494 2485 tum

152 2520 203 2558 ses
223 2502 350 2577 gloriam
375 2506 532 2560 maiorum.
575 2505 678 2577 Quare
699 2503 806 2560 lubens
839 2503 1054 2560 inflammatum
1079 2504 1190 2570 fuisse,
1220 2520 1286 2558 curn
1308 2504 1339 2559 in
1363 2504 1427 2559 acie
1448 2503 1491 2560 M.

151 2588 184 2633 te
204 2579 236 2633 iu
262 2579 397 2652 gremio,
428 2577 548 2654 Scipio,
578 2583 687 2656 recipit
712 2589 806 2647 terra,
838 2579 988 2636 Allienum
1014 2580 1173 2654 Peliguum
1205 2588 1292 2634 scuto
1324 2579 1494 2652 protexerit

151 2651 253 2718 Publi,
268 2664 448 2729 prognatum
461 2653 580 2723 Publio,
596 2655 728 2712 Corneli.
757 2655 809 2723 ln·
839 2654 1028 2729 gladiumque
1057 2656 1136 2711 hosti
1164 2656 1195 2708 in
1236 2664 1318 2709 ectus
1346 2650 1493 2709 infixerit.

153 2731 274 2804 scriptt.
296 2729 375 2786 Latt.
394 2730 433 2786 N.
453 2734 519 2791 558.
839 2729 1007 2794 Tusculo,
1025 2738 1070 2801 22,
1087 2736 1132 2788 50.
1152 2758 1188 2769 -
1208 2671 1368 2805 dunquain
1389 2745 1421 2785 se
1441 2728 1493 2785 ille

839 2805 945 2871 Philo,
980 2822 1133 2882 nunquam
1165 2805 1304 2877 Rupilio,
1339 2822 1494 2877 nunquam

190 2878 228 2936 P.
260 2878 430 2937 Οοιιιιιιιιι
464 2877 569 2936 Scrrro
600 2878 806 2946 Assaracus,
840 2881 983 2937 Mumanio
997 2882 1179 2955 anteposuit,
1198 2898 1350 2956 nunquam
1366 2881 1494 2937 inferio-

153 2954 319 3011 Africanus
347 2957 464 3022 minor,
494 2953 532 3013 L.
562 2952 659 3010 Paulli
688 2955 809 3011 Aemilii
839 2959 881 3012 ris
902 2955 1017 3012 ordinis
1038 2959 1153 3012 amicis.
1182 2954 1219 3026 Q.
1238 2973 1311 3011 vero
1328 2955 1494 3012 Maximum

152 3027 236 3087 filius
269 3029 428 3105 adoptatus
461 3050 477 3086 a
509 3020 544 3086 P.
572 3029 713 3087 Cornelio
742 3030 810 3087 Sci·
839 3032 974 3097 fratrem,
997 3036 1150 3107 egregium
1164 3033 1263 3087 virum
1278 3033 1412 3094 omnino,
1435 3029 1494 3086 sihi

151 3107 258 3182 pionc,
280 3106 420 3162 Africani
439 3106 562 3161 maioris
576 3104 649 3171 filio,
675 3103 731 3162 snb
750 3108 811 3162 ini·
841 3125 1028 3183 nequaquam
1051 3126 1172 3181 parem,
1202 3106 1282 3181 quod
1307 3107 1334 3163 is
1361 3104 1494 3163 anteibat

152 3183 230 3238 tium
254 3178 324 3237 belli
349 3180 457 3237 Punici
481 3183 564 3236 tertii
590 3201 617 3237 a.
640 3199 670 3236 ιι.
692 3200 719 3237 c.
742 3185 808 3240 605.
840 3194 953 3249 aetate,
984 3193 1137 3259 tamquam
1162 3184 1349 3255 superiorem
1376 3179 1494 3239 colebat

153 3254 297 3313 tribunus
328 3256 454 3312 militum
486 3257 542 3312 luit
569 3257 600 3312 in
628 3254 808 3324 Celtiberia,
841 3276 971 3334 suosque
991 3277 1094 3314 omues
1120 3276 1175 3333 per
1195 3275 1229 3314 se
1246 3272 1312 3319 esee
1332 3259 1494 3332 ampliores

154 3331 440 3389 deindeannoeius
460 3328 530 3387 belli
550 3332 683 3388 secundo
702 3351 808 3388 a.u.c.
840 3333 970 3390 volebat.
1012 3332 1096 3389 Lael.
1125 3340 1174 3400 10,
1196 3338 1241 3391 69.
1274 3364 1305 3375 -
1337 3332 1372 3392 L.
1397 3333 1495 3390 Paulli

151 3411 320 3472 806.,ιιιιιι
338 3406 563 3463 rexdlasiaissa
581 3408 769 3471 decessisset,
794 3425 810 3463 c
840 3411 935 3484 patris
968 3409 1142 3465 hereditatis
1177 3408 1215 3480 Q.
1240 3408 1373 3467 Maximo
1406 3409 1495 3465 fratri

152 3485 266 3540 castris
279 3482 356 3557 apud
366 3482 581 3557 Karthaginem
593 3494 734 3539 evocatus
746 3485 810 3538 eius
841 3495 956 3559 partem
976 3502 1061 3540 suam
1081 3484 1241 3539 concessit.
1279 3483 1387 3541 Parad.
1412 3488 1440 3550 6,
1464 3486 1492 3551 2,

154 3577 284 3631 regnum
313 3559 393 3613 inter
423 3568 486 3613 tres
509 3555 606 3623 lilios,
639 3558 808 3632 Micipsam,
840 3564 887 3618 08.
910 3591 945 3603 -
965 3558 1040 3616 Cum
1058 3561 1494 3634 essetcensuretinequitum

153 3634 328 3700 Gulussam,
346 3631 582 3690 lllanastahalern
595 3634 707 3690 divisit.
729 3635 766 3689 A.
780 3651 809 3688 u.
841 3653 934 3690 censu
954 3633 988 3691 C.
1009 3634 1145 3691 Licinius
1163 3633 1313 3691 Sacerdos
1330 3636 1494 3707 prodisset,

152 3729 181 3767 c.
197 3713 265 3769 607.
284 3727 351 3766 caan
369 3708 403 3765 G.
419 3708 507 3765 Livio
522 3708 696 3765 Mamiliano
710 3708 811 3764 Druso
840 3710 922 3766 clara
949 3728 1042 3777 voce,
1075 3721 1108 3766 ut
1140 3712 1236 3766 omnis
1264 3712 1365 3765 contio
1391 3708 1495 3765 audire

152 3803 225 3853 cum
247 3783 426 3840 aedilitatem
445 3795 572 3858 peteret,
594 3782 709 3859 legibus
730 3784 811 3840 solu·
840 3795 951 3860 posset,
969 3785 1045 3840 dixit
1058 3804 1090 3841 se
1104 3787 1195 3853 scire,
1211 3785 1291 3841 illum
1306 3784 1409 3842 verbis
1423 3804 1496 3841 con-

153 3873 223 3925 tna,
253 3865 301 3919 57.
332 3878 429 3916 annos
459 3869 546 3915 natus
577 3858 683 3916 consul
715 3860 810 3915 iactus
841 3864 935 3933 ceptis
958 3861 1127 3935 peierasse;
1149 3863 1175 3917 si
1196 3863 1262 3937 quis
1282 3872 1388 3917 contra
1407 3860 1496 3916 vellet

153 3936 293 3994 Africam
323 3935 428 4010 populi
461 3937 544 3991 iussu
577 3947 662 3990 extra
700 3944 810 3990 sortem
842 3937 959 3999 dicere,
981 3954 1105 3992 usurum
1124 3954 1190 3992 esse
1210 3939 1495 3992 euirasuotestiruu-

117 4042 123 4051 ι
153 4013 344 4087 prouinciam
365 4012 490 4083 accepit.
522 4009 737 4083 Karthaginem
757 4008 812 4066 ob·
843 4014 909 4075 niu;
931 4010 1037 4067 deiude
1056 4031 1122 4067 cum
1142 4031 1228 4067 sacrato
1246 4023 1351 4067 coratra
1369 4013 1493 4077 diceret,

156 4105 273 4145 cessam
290 4105 362 4155 a.,u.
375 4105 403 4142 c.
419 4092 485 4145 608.
507 4097 671 4159 prorogato
691 4087 718 4140 ci
739 4104 812 4159 pro·
844 4088 931 4142 iussit
952 4105 1057 4162 equum
1080 4087 1247 4143 traducere.
1277 4086 1319 4142 lta
1343 4091 1383 4152 is,
1410 4088 1495 4143 cuius

155 4156 310 4219 consulari
322 4162 449 4236 imperio
460 4162 541 4235 cepit
550 4172 580 4216 et
590 4161 711 4224 excidit,
726 4161 811 4217 Alci·
842 4159 969 4223 arbitrio
993 4173 1022 4217 et
1041 4162 1168 4237 populus
1191 4162 1343 4218 Rosulanus
1363 4173 1392 4217 et
1411 4173 1496 4217 exte-

156 4256 192 4294 ca
216 4255 253 4293 ue
274 4239 303 4293 in
324 4238 498 4311 provinciae
513 4235 665 4292 Romanae
686 4237 811 4291 lormanr
842 4255 894 4293 rae
913 4247 1018 4313 gentes
1037 4250 1195 4294 contentae
1217 4256 1282 4292 erse
1300 4249 1495 4303 consuerunt,
1561 4280 1564 4293 .

155 4257 280 4369 redacta
298 4329 465 4386 cognomen
484 4312 622 4368 Africani
638 4331 654 4366 a
670 4310 813 4385 Scipione
843 4316 907 4387 ipse
929 4332 981 4368 sua
1003 4314 1127 4369 scientia
1148 4313 1185 4368 ad
1206 4314 1399 4386 ignominiam
1421 4314 1498 4368 alte-

156 4389 306 4446 Alrieano
325 4389 437 4443 maiore
459 4387 544 4463 quasi
558 4386 722 4443 hereditate
743 4387 813 4441 reli·
843 4388 907 4443 rius
929 4399 1088 4443 conteutus
1109 4407 1169 4444 non
1192 4388 1257 4443 luit.
1288 4407 1344 4462 pro
1358 4389 1497 4445 Cluentio

156 4475 241 4520 ctum
291 4464 395 4536 ropria
422 4464 512 4518 etiam
533 4463 643 4535 virtute
670 4474 699 4518 et
718 4461 814 4517 felici·
843 4466 891 4531 218,
908 4466 971 4521 151.
994 4463 1302 4527 talamannia.
1327 4464 1453 4536 Quintil.
1468 4470 1495 4531 5,

155 4546 219 4595 tate
248 4482 377 4596 odtinnit
402 4550 432 4594 et
464 4539 501 4593 ad
530 4536 643 4596 Urbem
671 4555 814 4593 reversus
846 4538 1184 4599 tl.13.—Corueliarn
1196 4535 1286 4594 filiam
1299 4539 1345 4595 Ti.
1358 4540 1497 4597 Graccho

157 4616 344 4689 triumphum
361 4612 635 4688 splendidissimum
650 4614 745 4669 duxit.
773 4614 812 4669 A.
844 4611 1015 4669 collocavit.
1045 4615 1158 4669 delnv.
1180 4620 1206 4675 1.
1226 4617 1273 4680 lt,
1293 4621 1338 4673 91.
1355 4645 1391 4659 -
1411 4616 1499 4672 Vitu-

157 4708 189 4745 u.
212 4708 241 4746 c.
263 4693 330 4747 612.
356 4707 466 4746 censor
489 4690 545 4744 luit
567 4708 633 4746 curn
657 4690 692 4746 L.
718 4688 815 4745 Μιιιιι-
844 4689 995 4762 peratinni
1009 4688 1036 4742 ci
1050 4690 1114 4753 luit,
1131 4688 1209 4763 quod
1224 4689 1385 4746 lll.Antins
1396 4691 1496 4757 Briso,

158 4766 219 4822 anio
238 4764 385 4822 Achaico.
420 4765 526 4838 (Brut.
546 4773 594 4830 22,
621 4770 666 4824 85.
698 4762 813 4820 deOff.
845 4762 1043 4838 quil..Cassii
1057 4764 1116 4835 legi
1128 4762 1302 4822 tabellariae
1315 4766 1365 4822 din
1376 4770 1498 4833 restitit,

159 4846 188 4907 2,
209 4848 258 4909 22,
283 4844 329 4899 76.
358 4839 473 4897 adAtt.
494 4844 545 4903 16,
568 4843 614 4897 15.
628 4858 671 4907 c.,
693 4839 746 4912 2.).
775 4839 813 4894 A.
846 4842 909 4894 eius
931 4842 1110 4894 auctoritate
1131 4837 1166 4895 de
1187 4844 1334 4899 sententia
1353 4843 1497 4899 deductus

160 4932 190 4971 u.
211 4934 239 4972 c.
262 4919 329 4975 620.
356 4914 472 4991 legibus
498 4915 631 4979 solutus,
660 4933 728 4971 cum
753 4931 815 4969 non
847 4911 1019 4988 putabatur.
1048 4914 1134 4971 Brut.
1157 4922 1205 4982 25,
1223 4921 1269 4973 97.
1292 4946 1329 4959 -
1349 4919 1498 4976 Constans

161 5002 290 5067 parret,
311 4992 419 5049 consul
438 4992 544 5049 iterum
562 4990 658 5048 lactus
684 5000 729 5047 eat
748 5007 817 5046 curn
846 4989 949 5064 opinio
960 4988 996 5045 de
1010 4991 1074 5046 eius
1088 4990 1210 5047 virtute.
1229 4991 1337 5068 Topic.
1348 4999 1394 5063 20,
1409 5001 1453 5055 78.
1465 5020 1496 5031 -
