3514 5594
691 426 939 499 EPICURUS.
1424 422 1486 490 251

142 560 295 639 neglexit,
326 565 425 623 oretlu
450 567 607 626 maistins
630 568 803 645 philosophi
831 581 899 627 tora
912 568 1037 627 deorum
1050 564 1233 626 Posidonius
1246 564 1405 633 disseruit,
1420 566 1489 624 nul·
1582 626 1587 633 ,

144 655 210 694 1100
223 636 367 709 offendit3
385 658 455 698 uam
468 652 499 699 et
511 644 721 720 complectitur
735 664 803 702 uer·
831 646 876 702 los
897 662 964 701 esse
985 642 1056 700 deos
1070 644 1203 719 Epicuro
1221 642 1332 710 rideri,
1354 660 1489 719 quaeque

141 709 210 781 bis,
239 713 320 791 quod
342 715 422 786 volt,
441 726 472 773 et
496 717 570 776 dicit
594 719 699 796 plane,
722 720 802 797 quod
832 722 857 777 is
877 719 915 776 de
935 719 993 776 diis
1013 715 1232 774 immortalibus
1253 718 1384 786 dixerit,
1408 718 1489 775 inri-

142 787 309 878 intelligam
329 801 388 849 cet.
416 790 799 863 00111110.1,5,110115.
831 796 897 852 diae
925 793 1120 852 detestandae
1151 795 1247 868 gratis
1277 793 1401 850 dixisse.
1450 793 1487 850 ‹le

141 891 181 910 -·
199 863 351 939 Epicurus
371 868 493 925 minime
509 867 639 928 obscure
655 871 798 947 loquitur.
829 871 898 927 Nat.
913 871 952 927 D.
976 872 1083 939 1,111,
1109 873 1173 928 125.
1197 898 1228 911 -·
1250 869 1402 944 Epicurus
1422 867 1490 926 bal·
1590 876 1595 889 ’

142 938 182 995 de
195 939 284 997 Finu.
306 950 336 1009 2,
357 947 386 1011 5,
409 948 455 1001 15.
474 973 509 990 -
530 945 624 1002 Multa
643 947 800 1021 praeclare
829 944 948 1002 butiens
969 946 1006 1002 de
1027 956 1135 1001 natura
1156 944 1280 1000 deorum
1302 944 1488 1002 0110011101-

141 1032 234 1090 00000
254 1014 345 1073 dicits
367 1035 456 1095 quam
475 1021 556 1077 enim
576 1021 634 1079 sibi
654 1034 800 1078 constan·
829 1023 983 1078 nationem
1002 1021 1133 1078 sustulit.
1176 1018 1212 1076 de
1232 1019 1336 1076 Diria.
1360 1028 1386 1085 1,
1406 1027 1435 1088 5,
1457 1026 1485 1079 5.

139 1100 191 1146 ter
205 1094 482 1169 conuenienterque
492 1094 583 1162 dicat,
597 1097 799 1155 conlaborat.
828 1096 905 1157 Ibid.
922 1103 968 1161 59,
983 1103 1028 1156 87.
1048 1125 1079 1137 -
1100 1094 1183 1151 Nihil
1203 1106 1264 1151 tem
1278 1094 1384 1152 irridet
1397 1115 1487 1171 qnam

141 1165 267 1223 Tuscul.
290 1172 326 1234 5,
350 1170 387 1239 9,
409 1174 457 1229 26.
478 1171 685 1247 -Epicurus
707 1175 800 1229 sentit
850 1170 1068 1229 raedietioncm
1093 1150 1196 1226 rit-nm
1221 1169 1403 1226 futurarum.
1450 1171 1487 1227 de

142 1241 217 1297 nibil
237 1261 372 1319 unquam
391 1243 523 1320 elegans,
547 1247 622 1304 nibil
642 1248 796 1305 decorum.
826 1193 948 1304 10011.
971 1252 1062 1314 2,65,
1080 1250 1143 1305 162.
1164 1276 1201 1291 --
1220 1244 1374 1320 Epicurus
1394 1247 1487 1303 latum

139 1316 297 1374 deDirin.
319 1329 353 1385 1,
377 1323 430 1386 50,
454 1326 501 1378 62.
526 1353 556 1365 -
579 1322 627 1380 Ad
648 1324 799 1399 Aristippi
828 1324 996 1379 extimescit
1021 1331 1051 1378 et
1077 1319 1114 1377 ab
1141 1323 1247 1377 sternis
1274 1322 1350 1396 petit
1390 1322 1488 1377 raesi-

139 1402 318 1449 enerratam
350 1392 585 1474 muliebremque
619 1399 798 1457 seutentiam
828 1398 907 1455 dium
928 1415 1038 1473 easque
1058 1395 1094 1452 de
1115 1399 1165 1452 ria
1185 1395 1314 1453 deducit.
1374 1396 1485 1454 erto

141 1467 217 1524 setis
247 1466 376 1525 docilem
403 1488 436 1527 se
465 1471 616 1547 Epicuros
647 1473 797 1549 praebuit.
826 1479 855 1541 9,
880 1482 925 1534 ts.
956 1474 1019 1533 cte.
1042 1470 1120 1528 Ibid.
1143 1478 1190 1539 10,
1212 1478 1260 1530 21.
1279 1501 1310 1512 -
1333 1470 1485 1546 Epicurus

141 1542 268 1599 Twssl·
288 1549 318 1608 2,
339 1548 369 1613 6,
393 1550 437 1604 15.
461 1575 494 1588 -
515 1547 562 1604 Ex
579 1549 642 1606 eins
659 1549 798 1606 doctrina
827 1551 859 1605 iu
879 1549 972 1605 altera
992 1547 1200 1624 philosophiae
1220 1556 1317 1622 perte,
1341 1565 1417 1623 quae
1430 1550 1485 1607 10-

140 1618 235 1674 atomi
248 1618 397 1695 quandam
414 1621 475 1678 rim
488 1632 587 1680 motus
605 1623 799 1701 0011001000-
827 1625 898 1702 γικὴ
924 1624 1051 1689 dicitur,
1078 1622 1167 1697 plane
1194 1624 1317 1687 inermis
1345 1633 1374 1679 ct
1402 1622 1486 1680 rudis

142 1694 799 1787 011011οε10001011οι(100000100000-
827 1709 882 1755 est.
922 1698 958 1755 de
982 1698 1071 1756 Finu.
1097 1708 1130 1765 1,
1154 1705 1187 1766 7,
1209 1704 1256 1754 22.
1279 1726 1310 1738 -
1333 1696 1485 1772 Epicurus

141 1769 237 1826 tentia
258 1766 362 1826 differt
380 1791 396 1827 a
416 1771 628 1843 Democritio.)
667 1775 703 1833 de
723 1776 798 1834 Esto
827 1793 884 1851 qua
899 1775 1131 1832 ratiocinatione
1144 1770 1292 1847 probarit,
1316 1790 1404 1830 omne
1418 1792 1485 1831 esse

141 1844 328 1911 20,16.-
357 1845 441 1918 Quae
468 1859 515 1906 est
539 1868 616 1925 gens
640 1862 692 1907 aut
718 1852 797 1928 qnod
827 1846 999 1907 infinitum?
1038 1849 1253 1917 (1011111112,
1277 1853 1421 1915 50,105.
1448 1877 1488 1895 -·

142 1937 238 1993 genus
257 1921 422 1990 bominum,
444 1923 798 1999 quodnoubsbeatsine
827 1925 977 2000 Epicurus
1013 1923 1213 1999 explicatione
1250 1934 1376 1980 staturae
1417 1922 1486 1982 ideo

140 1994 281 2052 doctrina
295 1999 543 2073 anticipationem
561 2002 711 2076 quandam
726 2003 797 2059 deo·
827 2002 981 2058 dumtaxat
1000 2003 1107 2066 utitur,
1130 2006 1163 2055 nt
1205 1998 1313 2056 ellatur
1329 2001 1436 2058 mortis
1457 2010 1487 2059 01
1598 2034 1603 2041 -

139 2071 230 2128 rum?
251 2089 341 2146 qnam
360 2074 491 2148 appellat
507 2080 666 2153 πρόληψιν
684 2077 799 2154 Epicu·
827 2077 982 2151 religionis
1001 2086 1109 2131 metus.
1136 2076 1172 2131 de
1181 2017 1273 2132 11110.
1287 2077 1316 2140 lt,
1331 2078 1361 2141 5,
1379 2081 1425 2133 11.
1449 2104 1481 2116 -

137 2164 193 2203 rus
223 2146 605 2223 (00001001000010000
625 2151 721 2210 uerbo
741 2173 799 2210 no·
826 2151 899 2207 Eius
920 2149 1131 2207 intermundiis.
1159 2147 1484 2219 deNat.D.1,8,18.

138 2222 290 2289 minaret)
312 2231 370 2279 cet.
410 2223 503 2282 Cuius
523 2226 651 2284 rationis
670 2230 731 2284 rim
752 2241 798 2285 at·
825 2226 1032 2302 -Epicuros
1052 2244 1141 2300 posse
1159 2235 1247 2300 putot
1273 2228 1362 2282 etism
1386 2228 1486 2284 mino·

159 2314 197 2353 ue
217 2297 379 2354 utilitatem
400 2316 439 2356 ex
457 2299 510 2357 illo
529 2302 653 2359 caelesti
673 2303 797 2379 Epicuri
826 2320 890 2359 rem
911 2319 978 2358 esse
997 2300 1109 2367 solem,
1137 2318 1226 2376 quam
1246 2300 1401 2369 videatur,
1430 2301 1485 2358 sed

160 2391 177 2429 e
196 2390 232 2429 re
255 2371 304 2428 uls
325 2384 356 2429 et
375 2373 487 2432 indicio
505 2376 658 2435 uolumine
679 2382 798 2454 accepi·
826 2396 888 2434 nou
900 2377 1009 2443 multo;
1031 2395 1089 2433 uec
1100 2377 1246 2431 maiorem
1260 2375 1381 2453 quidem
1391 2377 1484 2434 multo

137 2392 502 2535 mustdsquiturvelleius
511 2451 703 2529 Epicureus).
723 2454 797 2531 Epi·
825 2464 911 2533 putat
935 2471 1002 2509 esse
1031 2451 1077 2508 rel
1105 2459 1223 2507 tantum
1241 2469 1327 2521 esse,
1356 2463 1486 2529 quantas

138 2541 207 2579 eure
227 2532 378 2580 sententia
397 2525 435 2583 de
455 2535 564 2584 notura
584 2528 721 2591 deorum.
761 2532 797 2587 de
825 2528 972 2584 videatur.
999 2526 1095 2583 Acad.
1118 2532 1153 2591 2,
1176 2529 1228 2594 26,
1250 2534 1297 2588 82.
1327 2527 1383 2582 cfr.
1404 2525 1483 2583 Ibid.

140 2598 321 2664 101111,
345 2602 398 2669 16,
419 2600 466 2662 15.
486 2620 570 2679 seqq.
593 2632 625 2644 ·-
647 2603 797 2679 Epicurus
826 2609 879 2669 59,
905 2607 969 2662 125.
998 2631 1030 2643 -
1058 2601 1210 2676 Epicurus
1231 2619 1319 2657 omne
1340 2601 1484 2659 iudicium

144 2672 217 2729 deos
239 2693 278 2731 ex
299 2676 407 2732 atomis
429 2694 496 2733 esse
517 2677 655 2735 credidit.
696 2679 797 2737 Varro
826 2679 857 2734 iu
877 2676 1017 2734 sensibus
1038 2686 1068 2734 et
1086 2679 1118 2732 iu
1138 2694 1241 2732 rerum
1262 2674 1378 2735 no'titiis
1401 2688 1432 2733 et
1451 2678 1484 2735 iu

144 2746 198 2835 Er.
211 2753 316 2823 0210.
344 2748 380 2807 Bi
405 2778 463 2807 .-
477 2751 646 2828 Epicurusr
668 2755 797 2829 primum
826 2753 895 2810 volu
918 2761 979 2810 tate
999 2752 1165 2839 constituit.
1193 2750 1290 2808 Acad.
1307 2754 1483 2839 ausast.

140 2770 476 2958 2102200121
489 2830 726 2965 limiti.
825 2773 1488 2973 0..11ἒ.112.110.21111“1111

139 2972 291 3034 Omnibus
310 2923 721 3064 superstitioutsgierrdribus
741 2980 799 3049 (lo-
821 2987 919 3051 potest
940 2983 1059 3051 percipi.
1099 2976 1196 3034 Acad.
1221 2987 1256 3046 2,
1278 2982 1332 3045 52,
1358 2943 1421 3036 ibt.
1446 3008 1514 3047 -,

137 3050 245 3126 quitur
259 3050 392 3110 Velleius
404 3052 598 3128 Epicureus),
614 3054 652 3111 ab
663 3056 797 3131 Epicuro
825 3055 974 3130 Epicurus
992 3072 1028 3110 eo
1045 3072 1109 3110 rem
1125 3052 1259 3120 dimittit,
1281 3055 1308 3110 si
1320 3071 1399 3110 unus
1411 3071 1485 3110 sen-

139 3124 233 3183 soluti
257 3134 288 3181 et
312 3129 344 3183 in
371 3123 540 3185 libertatem
567 3132 711 3188 vindicati
741 3150 796 3190 uec
824 3148 876 3187 sus
903 3129 994 3187 semel
1023 3128 1055 3185 111
1081 3130 1142 3186 rita
1163 3130 1303 3186 mentitus
1323 3130 1380 3197 sit,
1409 3128 1504 3186 nulli,

136 3203 299 3258 metuimus
318 3201 404 3271 deos,
429 3222 505 3282 quos
525 3205 719 3283 intelligimus
739 3225 796 3264 nee
825 3224 957 3282 unquam
987 3222 1052 3261 esse
1082 3203 1276 3261 eredendum.
1326 3202 1422 3260 Acad.
1449 3212 1481 3273 2,

138 3273 199 3333 sibi
219 3274 336 3353 fingere
348 3278 441 3336 ullam
451 3280 618 3338 molestiam
638 3301 695 3339 uec
708 3282 797 3341 elteri
824 3286 878 3346 25,
900 3283 947 3340 79.
969 3311 1003 3325 -
1023 3279 1175 3354 Epicurus
1196 3278 1340 3356 quidquid
1359 3280 1482 3337 videtur

135 3370 287 3428 quaerere
307 3361 337 3409 ot
354 3355 403 3428 pie
420 3364 586 3432 senemque
600 3357 726 3414 colimus
740 3377 796 3414 na·
825 3356 884 3413 tale
905 3356 977 3413 dicit
997 3373 1073 3424 esse,
1095 3355 1182 3412 susle
1202 3354 1352 3412 rideatur.
1381 3354 1478 3413 Acad.
1533 3394 1535 3399 ·

134 3436 240 3484 suram
258 3427 455 3487 excellentem
475 3442 564 3508 atque
601 3442 794 3489 raestantern.
824 3437 859 3497 2,
881 3433 983 3500 7,19.
1009 3461 1041 3473 -
1068 3374 1117 3487 Ad
1136 3430 1289 3505 Epicuro,
1317 3430 1368 3507 qui
1388 3440 1483 3487 totum

137 3502 175 3559 de
189 3503 261 3560 Nat.
276 3504 314 3560 D.
336 3511 364 3568 t.
382 3514 430 3574 20,
451 3509 499 3567 56.
522 3535 555 3548 -
576 3448 644 3574 bii,
667 3517 701 3564 ut
720 3508 797 3565 dixit
824 3506 1015 3563 dialecticam
1026 3516 1054 3562 et
1068 3507 1234 3581 contemnit
1243 3516 1273 3562 et
1285 3505 1404 3575 irridet,
1421 3524 1484 3562 non

136 3577 303 3653 Epicurus,
324 3598 423 3666 neque
440 3583 564 3670 propitii
578 3584 716 3660 cuiquem
730 3602 796 3641 esse
825 3584 988 3657 impetrant
1017 3580 1186 3644 dialectici,
1221 3591 1255 3636 ut
1283 3598 1389 3637 rerum
1418 3599 1484 3638 esse

138 3653 242 3711 solent
261 3672 357 3732 neque
377 3657 459 3713 irati.
497 3675 529 3715 ιιι
548 3657 651 3715 Ρ1000.
674 3665 729 3724 25,
749 3663 796 3718 50.
825 3655 988 3724 concedat,
1011 3653 1334 3733 quaditscllabimurr
1361 3659 1422 3708 Ant
1438 3662 1484 3709 vi-

138 3755 177 3770 -
197 3728 350 3805 Epicurus
368 3730 442 3789 deos
462 3734 581 3789 iocandi
602 3750 691 3791 causa
710 3734 796 3790 indu·
823 3742 874 3785 vet
904 3750 972 3784 cras
1000 3730 1194 3784 Hermarchus
1224 3740 1275 3784 ant
1303 3748 1361 3783 noer
1389 3735 1481 3788 vivet.

138 3805 186 3861 xit
205 3805 377 3879 perlucidos
403 3818 433 3863 et
456 3806 629 3882 perflabiles
656 3820 686 3866 et
711 3807 797 3867 babi·
824 3805 1143 3891 1010010117.-
1162 3805 1272 3862 Το1001
1292 3807 1402 3863 evertit
1417 3805 1482 3863 dia-

137 3890 240 3937 tantes
260 3890 413 3959 tamqnam
432 3884 511 3939 inter
531 3884 605 3941 dnos
624 3883 729 3952 lucas,
752 3885 796 3941 sie
825 3882 972 3938 lecticam.
1013 3880 1090 3938 Ibid.
1114 3911 1146 3923 -
1174 3877 1234 3951 Qui
1254 3880 1350 3939 voluit
1370 3879 1482 3940 subre-

136 3956 222 4012 inter
251 3955 327 4014 duos
355 3956 500 4022 mundos,
531 3970 658 4034 propter
685 3971 796 4016 metum
827 3960 892 4014 nire
912 3956 1069 4014 erroribus
1089 3956 1252 4032 Epicurus,
1278 3957 1317 4030 (10
1331 3958 1383 4033 qui
1396 3956 1483 4014 ride·-

138 4032 315 4089 ruinarum:
335 4050 449 4110 eosque
469 4032 581 4091 babere
596 4044 681 4109 putat
694 4035 797 4091 eadem
824 4046 874 4089 tur
895 4031 1079 4089 conturbare
1101 4033 1165 4088 reri
1183 4033 1407 4107 cognitionem,
1434 4032 1482 4088 di-

138 4104 275 4164 membra
302 4126 378 4186 quse
405 4126 480 4175 nos,
513 4127 570 4166 nec
597 4129 683 4167 usum
703 4110 796 4167 ullum
825 4111 928 4186 xitque
959 4108 1104 4184 sapientis
1136 4124 1223 4175 esse,
1258 4109 1433 4180 opinionem
1463 4128 1482 4163 ιι

137 4179 253 4239 bebere
271 4182 487 4240 membrormu.
528 4185 564 4241 de
579 4185 682 4242 Diria.
704 4194 731 4254 2,
748 4193 794 4251 17,
825 4184 1039 4260 perspicuitate
1049 4182 1235 4258 seiungam)
1246 4181 1321 4238 nibil
1333 4182 1480 4257 prolecit3

106 4277 112 4287 ·
137 4259 188 4315 do.
216 4284 254 4313 v-
279 4257 525 4335 ltlasogrammos
557 4260 629 4317 deos
662 4272 691 4317 01
721 4261 796 4318 nibil
825 4260 920 4335 ipsius
949 4260 1029 4315 enim
1054 4258 1206 4334 opinionis
1234 4274 1372 4316 errorem
1398 4255 1481 4313 nullo

137 4342 263 4405 agentes
283 4344 470 4392 commentus
490 4346 545 4393 cst.
571 4337 608 4392 de
627 4336 698 4393 Nat.
713 4337 750 4393 D.
763 4342 793 4403 2,
824 4335 913 4391 ruodo
942 4335 1074 4392 sustulit.
1114 4333 1210 4391 Acsd.
1231 4339 1268 4401 2,
1293 4330 1415 4399 1015.
1446 4360 1479 4373 -

136 4414 192 4475 25,
216 4413 264 4467 59.
284 4439 323 4453 -
341 4410 493 4485 Epicurus
513 4430 551 4468 ex
570 4413 680 4469 animis
699 4414 796 4469 homi-
824 4410 974 4484 Epicurus
988 4409 1062 4467 dicit
1075 4427 1113 4465 ne
1130 4407 1400 4484 argumentandum
1415 4408 1483 4483 qui-

134 4501 211 4540 num
221 4486 354 4542 extraxit
363 4486 509 4543 radicitus
521 4484 710 4562 religionem,
727 4505 795 4544 enm
824 4486 891 4542 dem
910 4502 977 4542 esse
996 4484 1034 4541 de
1053 4485 1218 4560 voluptate,
1240 4481 1320 4560 qnod
1339 4484 1380 4539 sit
1395 4482 1482 4557 posi-

134 4558 195 4616 diis
215 4560 434 4618 immortalibus
457 4570 488 4617 et
507 4580 595 4636 opem
618 4574 648 4619 et
668 4564 795 4637 gratiam
823 4571 887 4617 tum
916 4562 980 4617 eius
1009 4560 1153 4617 iudicium
1184 4562 1217 4616 in
1244 4555 1395 4615 sensibus.
1443 4556 1481 4615 de

132 4635 268 4692 sustulit.
314 4636 351 4694 de
371 4637 442 4695 Nat.
463 4636 502 4692 D.
527 4646 562 4705 1,
586 4640 640 4703 15,
665 4645 731 4695 121.
758 4666 795 4711 q·
824 4637 914 4693 Finu.
938 4640 974 4702 5,
998 4645 1033 4701 1,
1056 4642 1084 4696 5.
1104 4663 1144 4678 -
1169 4634 1284 4693 Verum
1303 4641 1333 4689 et
1352 4632 1482 4707 simplex

133 4708 289 4786 Epicurus
321 4711 359 4769 de
391 4713 449 4769 diis
482 4711 700 4770 immortalibus
733 4731 794 4768 non
824 4710 953 4777 bouum,
984 4710 1071 4786 quale
1097 4709 1153 4777 sit,
1184 4727 1217 4766 se
1242 4718 1333 4783 negat
1355 4709 1481 4765 omnino

132 4802 249 4859 magno
261 4805 354 4861 opere
370 4796 500 4864 pugnat:
521 4788 728 4846 tantummodo
742 4807 795 4845 ne·
823 4787 973 4862 Epicurus
987 4788 1052 4841 sine
1066 4782 1271 4859 voluptatibus
1281 4801 1404 4843 sensum
1415 4802 1482 4839 mo-

133 4860 404 4996 stultit?
419 4863 625 4996 ,utilite
655 4881 703 4995 '‘i.
722 4863 795 4996 111
824 4860 1483 5012 00110011.0010

133 5011 176 5070 D.
195 5016 226 5085 5,
247 5023 277 5083 1,
298 5020 327 5073 2.
348 5044 386 5063 -
405 5014 441 5073 Iu
460 5012 541 5073 libro
560 5015 665 5092 quinto
684 5014 721 5090 dc
740 5034 796 5074 na·
825 5011 1020 5091 voluptatem.
1061 4976 1185 5071 roien.
1206 5012 1235 5081 5,
1258 5013 1307 5081 50,
1328 4974 1382 5073 8111
1405 5006 1481 5066 lbid.
