3336 5596
457 385 499 468 o.
516 382 694 454 mucms
718 385 987 456 scaevum.
1328 392 1389 457 tos
1414 402 1418 409 ·

67 530 106 588 tio
124 526 302 585 detensionis
329 525 369 582 ita
396 524 595 583 describitur:
624 529 713 582 Dtett
740 531 819 581 civiti
838 529 945 582 dixisse
963 540 1077 599 narrat,
1096 542 1129 585 at
1146 538 1282 587 neminem
1301 540 1331 586 in
1343 554 1396 604 po-

65 613 127 658 item
146 620 257 656 cainam
277 603 355 654 illam
376 602 497 673 piendam
518 622 554 654 es:
573 613 658 673 parte
677 605 711 674 Q.
736 605 805 675 palo
816 604 913 676 fuisse
931 607 1040 672 credat,
1061 609 1266 681 quiquidqnum
1277 613 1395 678 politius
1447 650 1449 657 .

65 683 171 733 Mucias
185 696 261 729 more
278 697 329 730 sno
345 679 422 731 nullo
436 688 578 748 apparata
594 698 665 751 pirre
684 688 712 731 et
740 689 790 732 ant
816 682 976 749 elegantias
1004 692 1070 734 (κατ’
1084 690 1197 736 omnino
1222 687 1321 737 malins
1343 694 1394 737 nat

64 755 195 812 dilucide,-
218 762 265 810 ete
293 753 350 804 Sed
374 753 410 824 Q.
431 754 546 806 Masius
571 755 712 807 enucleate
739 766 921 827 exspectaret
940 767 991 810 aut
1005 776 1088 830 posse
1100 758 1173 833 fieri
1187 768 1313 832 pittaret.
1352 763 1395 812 At

1 853 2 874 ι
63 832 106 885 ille
124 829 229 900 paridem
249 836 277 880 el
293 830 398 899 polite,
418 838 449 880 nt
465 829 589 894 solebat,
609 849 712 900 neqrra·
737 849 806 884 vero
825 833 988 903 intelligens
1007 845 1035 887 et
1053 834 1162 901 doctiss,
1183 836 1299 888 essaeus
1310 837 1395 900 Sena

62 924 138 977 qaam
152 914 244 957 autem
260 923 293 955 ea
309 910 340 956 vi
355 912 439 972 atqrte
457 910 548 976 copia,
566 924 647 976 qttnrn
662 924 712 974 ge·
738 909 849 972 volam,
877 910 1017 962 sentiebat
1040 928 1101 961 esse
1126 910 1264 980 quoddam
1284 912 1395 964 uberius

1 1017 2 1025 .
62 998 111 1033 nas
136 980 207 1032 illud
232 980 329 1033 lesdicii
359 988 387 1032 el
415 981 582 1049 magnitudo
609 999 711 1033 causae
738 982 849 1035 dicendi
866 1002 958 1053 genas
976 993 1005 1036 et
1024 991 1164 1039 ornatius.
1203 984 1269 1041 Hoc
1290 986 1394 1043 deerat

1 1093 3 1101 .
60 1055 227 1126 possidebat.
248 1053 292 1111 De
302 1056 424 1130 Augure
438 1055 478 1110 ita
488 1055 595 1112 Cicero
609 1055 708 1130 (Brut.
739 1056 879 1115 Pontifici
898 1077 991 1127 max„
1013 1065 1060 1131 qest
1077 1061 1186 1131 pridem
1205 1080 1266 1113 cnm
1277 1081 1396 1132 peracu-

1 1148 6 1179 r
63 1136 136 1197 56.)e
165 1132 280 1183 Muclus
301 1134 403 1200 Aagnr
429 1132 504 1202 qrtod
520 1151 574 1203 pro
593 1151 623 1184 se
643 1151 711 1203 optes
738 1142 786 1185 tas
803 1144 894 1200 esset,
919 1145 977 1187 tam
996 1136 1092 1188 verbis
1111 1144 1176 1187 erat
1194 1137 1235 1189 ad
1252 1155 1312 1189 rem
1331 1157 1394 1191 cnm

1 1204 7 1255 .'
61 1215 135 1272 erat,
154 1214 213 1278 ipse
232 1206 344 1259 dicebat
362 1234 399 1249 -
416 1213 442 1258 is
457 1213 647 1259 orator-amin
660 1228 710 1260 na-
736 1227 844 1263 samma
862 1211 1006 1263 brevitate
1025 1212 1194 1265 mirabiliter
1219 1221 1312 1283 aptas.
1351 1217 1395 1265 At

61 1300 131 1333 mero
150 1300 206 1334 non
219 1282 297 1352 jnit.
333 1279 446 1339 Causas
467 1283 559 1356 igitur
579 1302 640 1339 non
659 1302 710 1340 re·
737 1290 767 1336 ln
787 1286 933 1355 erigendo,
959 1292 989 1338 in
1015 1287 1160 1353 ornando,
1186 1292 1216 1339 in
1236 1286 1394 1359 refellendo

63 1354 195 1431 ripiebat.
237 1355 271 1413 Si
291 1356 395 1412 Rutilii
416 1376 537 1414 causam
558 1358 710 1415 defendis·
736 1366 829 1429 magis
853 1366 1036 1415 existimator
1060 1371 1104 1415 est
1123 1362 1285 1415 maritandas
1312 1383 1395 1433 qnam

61 1441 117 1498 set,
146 1451 205 1488 non
227 1441 300 1507 puto
323 1433 353 1488 id
374 1431 551 1490 Ciceronem
571 1453 607 1491 eo
628 1434 707 1500 lnce,
737 1436 921 1488 admirandas
940 1447 1040 1490 orator
1058 1443 1187 1509 quamvis
1206 1439 1345 1491 mirabills
1363 1444 1394 1492 in

5 1506 8 1517 ’
97 1527 114 1562 o
139 1510 326 1564 contrarium
354 1507 444 1575 dicit,
476 1511 707 1583 praeteriturum
736 1510 788 1564 lton
806 1513 1015 1583 interpretandi
1041 1514 1264 1585 explanandiqne
1289 1524 1317 1566 et
1336 1516 1395 1567 dis·

60 1526 155 1639 iniisse.
192 1584 233 1640 At
253 1583 394 1640 Pontifex
412 1602 492 1639 max.
514 1604 620 1641 causas
640 1592 708 1642 'stu-
735 1588 848 1639 serenat
871 1606 985 1657 genere.
1025 1588 1141 1660 Quodsi
1167 1591 1198 1645 in
1219 1588 1268 1647 illa
1290 1605 1392 1658 causa,

61 1658 137 1714 diosc
155 1657 322 1734 recipiebat
342 1660 409 1728 (cir.
434 1659 497 1716 Cic.
519 1659 605 1717 Brut.
628 1662 706 1736 112.);
735 1661 773 1717 ed
803 1681 893 1738 quam
925 1665 1133 1738 paratissimus
1162 1665 1248 1720 venit
1276 1665 1389 1723 Pontii.

61 1731 166 1789 solebat
185 1737 279 1809 igitur
300 1752 406 1791 causas
424 1754 524 1810 agere,
546 1736 708 1812 quodcum
737 1756 831 1803 max.¹
868 1739 1038 1813 intelligens
1069 1749 1099 1795 et
1131 1739 1236 1796 doctus
1268 1740 1392 1798 uberius

61 1808 208 1866 Ciceronis
237 1809 340 1866 verbis
367 1813 521 1885 aptissime
549 1814 706 1887 congruit3
757 1812 885 1870 uoddam
906 1826 995 1891 atque
1015 1818 1150 1871 ornatius
1165 1814 1285 1872 dicendi
1298 1834 1393 1890 genus

1 1888 12 1941 'a
59 1902 122 1940 nans
142 1893 170 1939 et
189 1883 233 1943 ibi
253 1897 299 1942 est
318 1886 401 1942 illum
421 1885 460 1958 Q.
480 1886 613 1944 Mucium
632 1906 708 1942 more
737 1832 756 1943 d

5 1982 14 2016 r
59 1978 104 2011 mo
122 1960 246 2027 iecisse,
275 1980 342 2017 eunt
367 1964 479 2014 solitum
498 1982 565 2018 esse.
605 1964 708 2016 Dicere
736 1982 815 2019 muta
826 1977 978 2021 oratorem
990 1964 1031 2021 M.
1042 1967 1208 2022 Antonium
1221 1968 1294 2023 inea
1303 1986 1393 2024 causa

1 2061 3 2066 v
60 2045 167 2101 antem,
189 2038 270 2093 sicut
290 2034 381 2103 alibi,
407 2039 587 2112 praesertim
609 2040 639 2094 io
661 2039 707 2094 bis
736 2039 939 2106 desiderasse,
972 2042 1003 2097 iu
1031 2059 1089 2117 qua
1109 2042 1209 2098 nullus
1230 2042 1290 2097 iuri
1310 2041 1394 2099 civili

8 2134 15 2166 ;
59 2107 138 2166 libris
162 2112 327 2169 rhetoricis
357 2131 418 2168 non
449 2123 496 2168 est
524 2114 623 2191 loqui,
655 2113 707 2169 sed
735 2113 819 2170 locus
847 2124 929 2182 erat,
962 2133 1038 2191 quac
1062 2136 1122 2173 oon
1146 2116 1343 2174 disserentem
1363 2127 1395 2173 et

7 2214 15 2242 .·
60 2202 150 2251 orare,
165 2186 261 2244 verba
275 2189 387 2254 facere,
402 2191 569 2245 orationem
584 2186 705 2246 habere.
736 2191 986 2265 interpretantem
1008 2203 1038 2247 et
1057 2194 1268 2267 explanantem
1288 2204 1393 2249 orato-

1 2289 9 2321 ς’
59 2257 155 2337 ltaque
182 2263 337 2338 quomodo
365 2264 537 2340 Augurem,
570 2267 620 2340 qui
651 2265 708 2321 boc
735 2283 810 2332 rem,
834 2268 964 2319 sedeam
983 2273 1042 2321 vim
1062 2274 1202 2320 orationis
1217 2270 1392 2342 pertentabat,

59 2353 134 2392 more
153 2356 207 2395 suo
227 2339 330 2395 facere
350 2358 412 2395 non
429 2350 558 2415 poterat,
581 2359 647 2397 cunt
662 2340 708 2396 di·
734 2360 821 2411 arrae,
849 2347 978 2415 qiramvts
1006 2344 1049 2394 illi
1069 2342 1202 2415 fuissent
1231 2344 1393 2397 Gracchani·

12 2438 15 2469 ε
60 2427 121 2466 tere
140 2430 201 2470 nott
219 2413 345 2481 soleret,
368 2415 416 2471 bic
431 2419 530 2490 potins
544 2416 706 2490 intelligam
735 2417 841 2468 indices
860 2418 1052 2488 publicanique
1074 2427 1269 2485 accusatores,
1297 2428 1394 2472 tamen

60 2503 237 2561 (litaturum,
261 2492 312 2565 qui
333 2489 363 2546 id
383 2489 509 2558 solebat,
532 2509 594 2546 nott
608 2491 707 2548 tideo.
735 2510 842 2544 omnem
861 2511 956 2544 eorttm
975 2499 1219 2564 importunitatem
1234 2512 1271 2545 ca·
1284 2500 1393 2546 intimis
1421 2528 1424 2533 ·

2 2613 3 2616 ,
59 2589 91 2605 -
115 2564 153 2619 At
177 2566 246 2638 ipse
272 2564 378 2622 modus
405 2566 524 2622 dicendi
546 2585 607 2622 non
628 2566 708 2624 cadit
735 2568 860 2618 sensibus
879 2569 1043 2621 evellisset?
1073 2568 1183 2624 Nonne
1203 2577 1342 2642 putamus
1363 2571 1392 2625 ei

5 2666 15 2699 ³
59 2636 86 2691 in
103 2636 280 2697 Pontificem
302 2659 399 2707 max.;
423 2645 448 2697 is
468 2644 547 2697 enim
567 2643 622 2698 luit
642 2642 706 2697 elo·
735 2643 832 2697 visum
854 2660 920 2699 esse
942 2641 1118 2700 Scaevolam
1139 2642 1220 2699 nullo
1240 2656 1390 2719 apparatu

1 2741 16 2777 ῳ,
60 2716 455 2786 mantissimas—Vellem
466 2716 618 2773 Corradus
634 2736 707 2792 pro·
737 2717 860 2773 dicere?
899 2716 976 2773 Nam
1008 2720 1058 2794 qui
1088 2720 1235 2775 orationis
1265 2730 1391 2776 ornatus

1 2794 17 2853 {2'
59 2787 175 2856 tulisset,
196 2791 281 2847 unde
302 2793 358 2849 boc
379 2791 538 2867 probaret3
561 2811 654 2867 grave
675 2792 704 2848 id
736 2811 843 2848 cattsae
863 2792 998 2868 privatae
1019 2790 1148 2862 sufficit,
1178 2796 1204 2851 is
1226 2794 1325 2850 nullus
1345 2804 1393 2850 est

7 2906 10 2915 ,
59 2862 165 2936 quidem
179 2877 264 2924 esset
277 2877 493 2941 argumentum.
514 2866 573 2925 Sed
589 2870 616 2924 si
629 2869 706 2926 forte
735 2870 766 2924 in
787 2886 878 2925 causa
898 2871 1006 2944 capitis
1032 2888 1128 2945 neque
1148 2890 1185 2945 ap
1209 2881 1311 2927 aratus
1332 2871 1393 2927 dici

59 2937 124 2995 baec
142 2939 204 2999 laus
218 2944 424 3019 eiaquodam
440 2945 590 3018 scriptore
604 2954 705 3000 vetere
735 2953 850 3017 potest;
879 2946 930 3018 qui
950 2944 1046 3021 qualis
1067 2963 1132 3001 esse
1154 2889 1260 3001 debeat
1286 2947 1318 3001 in
1339 2946 1391 3002 tali

57 3011 199 3085 tribuitur,
220 3030 326 3075 tamen
345 3038 403 3074 non
418 3038 540 3093 possum
556 3020 706 3075 assentiri.
735 3037 825 3075 rausa
840 3020 950 3094 optime
965 3021 1150 3077 demonstrat
1165 3023 1229 3096 ipse
1239 3023 1390 3078 Antonius

1 3119 15 3154 2:
57 3085 265 3168 Namqualem
287 3094 442 3152 eiCicero
466 3093 572 3151 tribuit
592 3097 707 3152 oratio·
735 3094 813 3169 apud
834 3094 1013 3154 Ciceronem
1034 3104 1062 3162 2,
1077 3099 1126 3162 ts,
1142 3100 1189 3155 55.
1218 3096 1391 3172 Descriptio

1 3191 3 3204 ›
60 3180 131 3231 nem,
151 3187 184 3224 ea
204 3169 340 3225 nondum
361 3178 407 3225 est
426 3170 595 3247 eloquentia
610 3173 707 3226 nonii-
735 3172 827 3244 igitur
847 3173 993 3229 orationis
1014 3190 1074 3228 non
1096 3171 1231 3246 impedit,
1254 3190 1313 3248 quo
1333 3175 1391 3228 mi-

2 3255 9 3289 x.
61 3241 162 3298 nenda.
190 3243 364 3317 Quidenim
386 3245 444 3301 hoc
464 3255 519 3313 est,
542 3247 600 3302 uisi
620 3256 706 3302 caute
734 3265 791 3302 nus
805 3243 984 3303 Pontificem
998 3266 1077 3303 max.
1099 3245 1310 3323 intelligamus,
1334 3250 1393 3304 im-

4 3318 17 3379 i,
62 3310 145 3390 loqui,
166 3322 191 3376 si
254 3338 301 3375 em
320 3326 561 3392 iurisperitorum
580 3323 706 3394 eloqnen-
734 3340 783 3377 mo
804 3325 868 3378 eius
889 3322 977 3379 modo
998 3322 1116 3380 dicendi
1130 3324 1258 3379 maxime
1276 3341 1392 3380 couve-

1 3431 3 3460 ,
61 3394 188 3447 tissimum
208 3339 296 3452 diiii.
323 3395 462 3463 Crassus,
483 3399 532 3454 rir
551 3398 706 3453 humanis·
735 3399 789 3453 nit.
815 3426 846 3438 -
870 3396 931 3454 Sed
957 3408 1081 3474 quaeret
1106 3399 1235 3455 fortasse
1263 3398 1390 3475 aliquis:

1 3489 7 3541 ς
61 3465 157 3535 timus,
179 3488 245 3527 eum
266 3472 355 3527 etiam
375 3474 558 3540 eloquentiam
574 3478 707 3543 iartspe-
735 3473 797 3529 Cor
816 3491 890 3530 rero
911 3491 978 3529 eum
997 3475 1098 3548 potius
1125 3492 1214 3549 quam
1234 3475 1391 3550 Augurem

3 3572 15 3603 ‚1
61 3544 216 3600 ritisstrnnm
236 3547 311 3603 dicit
328 3547 379 3615 (de
394 3545 448 3603 Or.
470 3554 498 3615 1,
513 3546 594 3622 Ab),
617 3566 706 3679 ‹Htam
734 3546 936 3624 significatum
963 3567 1028 3604 esse
1048 3548 1120 3604 ris?
1148 3567 1217 3605 natu
1237 3550 1317 3624 quod
1338 3548 1389 3606 di-

60 3610 169 3675 landem
179 3622 237 3696 ipsi
248 3621 360 3679 Crasso
370 3620 476 3678 tribuit
486 3622 594 3679 Cicero
608 3625 620 3697 (
649 3633 705 3677 rut.
735 3624 807 3678 xisti
817 3624 971 3698 Augurem
984 3642 1045 3680 non
1054 3642 1126 3680 'esse
1139 3624 1260 3679 solitum
1274 3623 1388 3692 dicere,

60 3691 130 3760 59.);
156 3697 208 3753 sed
229 3697 279 3754 ille
300 3708 346 3754 est
366 3696 512 3763 Crassus,
542 3699 592 3783 qui
618 3696 706 3754 facile
735 3697 764 3753 id
786 3697 906 3773 quidem
926 3699 1076 3766 concedo,
1098 3701 1124 3755 si
1144 3698 1180 3756 de
1200 3698 1390 3756 orationibus

61 3762 139 3824 alteri
157 3770 359 3840 concedebat,
382 3791 456 3848 quae
477 3773 533 3828 soli
554 3773 612 3847 ipsi
631 3790 706 3847 pro·
734 3774 765 3828 in
787 3774 871 3842 loro,
896 3793 912 3829 a
936 3773 976 3831 ud
994 3773 1157 3831 tribunalia
1178 3770 1323 3831 habendis
1343 3774 1391 3830 lo-

60 3843 120 3912 pria
139 3862 256 3918 essent;
284 3858 314 3904 et
341 3849 411 3924 quid
433 3847 514 3904 aliud
534 3851 561 3903 ei
581 3865 707 3904 conces·
735 3850 848 3921 queris,
870 3867 903 3905 se
937 3852 966 3906 in
981 3861 1088 3906 senatu
1102 3861 1184 3905 certe
1198 3868 1289 3925 saepe
1303 3850 1388 3907 dixit.

1 3949 13 3991 ἰ
62 3918 96 3970 sit
113 3919 183 3977 baec
203 3924 330 3980 dicendo
351 3942 460 4000 qttam,
484 3924 563 3998 quod
580 3940 707 3998 praecc-
736 3923 816 3994 Quid
836 3926 937 3997 igitur,
959 3927 986 3981 si
1006 3926 1065 3982 buc
1085 3924 1238 3982 illudmor
1269 3944 1391 3981 auore-

4 4030 11 4051 «
62 3987 109 4058 dit,
129 4005 286 4052 orationem
306 4002 433 4052 limatam
456 4008 540 4070 atqtse
559 4000 707 4051 subtilem?
733 4000 870 4055 leretur?
883 4028 920 4043 -·
939 4000 985 4056 Ne
1006 3999 1035 4057 id
1056 4001 1174 4077 quidem
1193 3943 1261 4057 lietb
1280 4009 1389 4075 potest.

4 4076 5 4083 ’
61 4063 126 4123 baec
152 4090 189 4129 ne
215 4073 253 4131 ab
277 4074 329 4135 illo
349 4074 467 4151 quidem
488 4071 588 4140 abest,
619 4092 705 4150 quem
736 4074 890 4130 Orationis
910 4075 991 4130 enim
1010 4075 1175 4151 descriptio
1188 4093 1251 4132 non
1265 4075 1344 4132 cadit
1358 4078 1390 4131 in

1 4186 9 4218 τ,
62 4148 563 4222 quaerimus.-QuodCorradum
579 4152 705 4205 inaxime
736 4150 898 4225 Augurem.
927 4150 1026 4208 Unum
1048 4151 1120 4208 illud
1143 4150 1389 4225 deprehenditur,

4 4254 10 4290 ,
59 4221 181 4279 movisse
199 4225 337 4292 ridetur,
366 4235 412 4281 est
430 4225 503 4282 illud
523 4227 599 4279 nullo
619 4245 707 4298 appa·
736 4224 814 4300 quod
835 4224 949 4280 nullum
969 4226 1387 4301 apparatumattulitorator,

61 4301 137 4361 ratis,
165 4301 286 4356 minime
317 4305 518 4367 conveniens,
549 4311 581 4357 ut
607 4310 703 4376 putat,
734 4310 835 4356 cetera
850 4299 1021 4357 laudantur.
1049 4302 1089 4358 In
1102 4302 1237 4376 Auguris
1251 4302 1389 4358 oratione

1 4406 8 4441 ,
60 4361 209 4430 Pontificis
230 4394 309 4432 max.
331 4378 474 4433 orationi.
514 4376 582 4433 Hoc'
603 4377 705 4433 videa·
736 4375 809 4431 nibil
830 4375 1066 4442 eratlaudabile,
1088 4377 1148 4434 nisi
1164 4378 1242 4433 torte
1256 4379 1389 4434 suavitas

61 4456 129 4500 ntus.
150 4477 187 4493 ·-
213 4450 258 4506 De
278 4449 424 4508 Pontifice
445 4470 524 4508 max.
545 4450 652 4509 Cicero
672 4454 703 4508 in
736 4453 818 4507 vocis
838 4461 868 4506 ct
886 4470 993 4526 purus,
1016 4452 1115 4519 idest,
1138 4452 1265 4508 Latinus
1279 4470 1391 4509 sermo.

1 4559 6 4594 ,
61 4511 148 4576 Bruto
167 4522 311 4601 loquitur,
332 4528 494 4602 praecipue
515 4526 587 4601 Cap.
610 4533 656 4589 39.
677 4538 706 4583 et
734 4526 775 4585 Ut
793 4529 946 4591 omittam,
975 4528 1053 4602 quod
1074 4529 1225 4584 Antonius
1246 4526 1329 4601 (Cic.
1352 4526 1389 4583 de

62 4588 128 4667 Cep-
149 4603 213 4665 52..
237 4620 414 4679 quamquam
434 4601 476 4658 ibi
496 4613 611 4658 tantum
632 4620 704 4658 cau·
735 4601 789 4658 Or.
808 4610 836 4667 1,
850 4607 913 4671 55.)
933 4603 996 4659 eius
1016 4612 1107 4655 artam
1127 4603 1287 4655 indotatam
1306 4612 1390 4674 atqne

62 4681 120 4723 stru
138 4677 267 4749 attingit,
289 4695 365 4754 quae
386 4677 422 4733 ad
444 4679 488 4733 ins
509 4676 596 4733 civile
609 4679 706 4753 perti·
734 4683 903 4749 incomptam
922 4678 1012 4733 vocat
1032 4687 1112 4744 (natu
1132 4679 1161 4733 id
1182 4679 1309 4734 tortasse
1324 4678 1390 4752 ple-

1 4790 4 4805 .
62 4751 117 4809 nti,
137 4748 166 4803 in
186 4770 246 4827 quo
265 4752 407 4810 Pontifex
427 4770 505 4809 max.
528 4764 594 4808 erut
613 4772 705 4828 para·
735 4754 837 4828 risque
858 4770 920 4808 rem
936 4772 996 4808 non
1011 4755 1085 4808 satis
1100 4751 1250 4810 ridebitur
1264 4753 1390 4809 demon-

1 4865 3 4890 ,
64 4817 197 4881 tissimus.
225 4826 432 4885 Inhaccausa
454 4846 520 4883 eum
539 4846 600 4880 eran
613 4835 705 4901 perite
733 4827 860 4902 strare);
891 4826 970 4884 idem
990 4827 1078 4895 (lbid.
1098 4828 1162 4901 49.)
1183 4828 1269 4902 plane
1289 4829 1390 4905 loqui·

62 4899 89 4942 st
106 4901 237 4967 scienter,
265 4912 323 4957 tam
347 4910 391 4957 ita
413 4905 539 4956 breviter
562 4913 593 4956 et
607 4923 706 4979 presse
733 4914 800 4959 tur:
823 4922 877 4975 per
896 4903 963 4956 milri
982 4910 1083 4956 mirum
1106 4910 1200 4957 visam
1219 4914 1278 4970 est,
1303 4906 1390 4956 Scae-

63 4974 88 5017 ‘l
104 4978 173 5026 tatis
190 4987 292 5031 ornate
315 4989 345 5033 et
360 4982 560 5050 pereleganter
588 4979 622 5033 de
644 4985 705 5032 inre
734 4981 801 5033 vete
819 4978 986 5056 (Augurem
999 4980 1095 5052 dicit),
1117 4989 1145 5035 te
1163 4979 1215 5034 bec
1234 4981 1277 5033 illi
1293 4998 1389 5033 cence-

759 1886 932 1957 esiderarit,
955 1890 1027 1966 quid
1047 1889 1237 1948 censebimus
1251 1890 1395 1948 doctissi-
1489 1916 1493 1922 ·
