3402 5598
171 457 214 523 T.
239 456 399 524 LIVIUS
424 452 699 523 PATAVINUS
721 490 762 505 -
785 452 827 522 C.
850 456 1012 525 LIVIUS
1033 456 1228 527 Dttttsus.
1315 456 1377 525 357

82 597 117 655 T.
136 596 242 655 Lissos
264 598 445 667 Patarinus,
472 599 635 656 historicus
657 598 695 655 il·
722 598 914 656 Varroniano
934 619 961 656 a.
975 618 1005 657 ιι.
1022 619 1050 658 c.
1066 602 1130 660 stt.
1150 604 1277 679 primani
1290 600 1378 658 iabu-

41 673 156 731 lustris.
186 674 313 745 Quidam
334 693 394 731 nou
412 673 694 749 duotribunosple-
722 668 1161 734 lamdocuissedndionicuni.
1184 676 1264 735 Satis
1279 688 1377 734 autem

39 747 99 816 bis,
119 761 151 806 ut
168 747 276 807 Cicero
297 749 385 818 dicit,
406 748 459 806 sed
480 751 611 826 quinque
629 759 693 806 trs·
722 748 859 807 firmatur
879 753 910 807 in
924 749 1012 808 Bruti
1030 753 1098 809 loco
1118 753 1207 811 lectio
1226 754 1378 825 qiaartode-

40 825 116 881 dunt
131 835 251 882 creatos
266 844 332 882 esse
349 844 376 881 a.
393 843 422 880 ιι.
438 843 464 882 c.
481 827 546 882 260.
560 846 567 893 ;
589 828 693 898 singu·
722 833 793 879 rimo
806 837 834 879 et
848 833 1070 898 quingentesimo
1091 829 1195 887 aCud.
1211 829 1308 886 Paris.
1323 828 1374 895 D.,

39 901 86 957 los
106 919 142 956 ex
161 898 458 970 siugulisclsssibus.
489 899 568 959 Sunt
580 912 691 968 tamen,
744 904 773 958 ui
792 905 822 961 in
842 920 940 958 meum
961 922 1034 959 usus
1054 904 1179 961 collatus
1199 917 1261 972 est,
1290 916 1318 961 et
1339 902 1376 960 ab

40 978 90 1054 qui
118 975 243 1031 eundem
265 976 347 1033 illum
371 977 499 1033 duorum
522 995 690 1043 notuerunt,
722 922 777 1034 Ld.
798 978 936 1053 principie
957 977 1109 1046 Romana,
1131 998 1222 1057 quam
1240 981 1306 1055 ipse
1327 981 1378 1036 io·

60 1070 127 1109 uem
147 1052 266 1119 Cicero,
290 1061 413 1125 ponant,
435 1053 514 1108 inter
534 1070 609 1128 quos
629 1052 693 1108 Tu·
722 1056 818 1128 spesi,
831 1052 905 1111 adeo
918 1062 948 1110 ut
962 1055 1083 1111 minime
1097 1054 1322 1113 concedendum
1337 1059 1377 1111 sit

39 1073 160 1185 ditatrus
180 1139 210 1184 et
227 1127 412 1203 Pomponius
431 1129 549 1184 Atticus
569 1127 693 1184 Livius·
722 1129 896 1186 Duentzero
910 1132 941 1186 io
953 1130 1032 1187 Livii
1043 1130 1210 1189 Andronici
1225 1131 1376 1206 fragium.

38 1223 99 1282 quc
119 1214 232 1261 noster.
272 1204 386 1260 Asson.
408 1205 440 1260 io
458 1202 582 1272 Coroel.
597 1223 628 1278 p.
646 1210 691 1263 76.
722 1204 857 1262 Berolioi
875 1209 958 1265 1855.
980 1213 1007 1266 8.
1031 1226 1059 1280 p.
1076 1212 1102 1265 5.
1123 1208 1306 1281 corrigenti:
1327 1208 1378 1259 de·

722 1287 793 1334 cimo
806 1291 835 1334 et
848 1287 1081 1353 quingentesimo,
1099 1295 1283 1357 „propterea
1298 1281 1377 1358 qnotl

76 1354 145 1432 (Μ.)
163 1352 271 1414 Livius
291 1360 495 1414 Aunsomcus.
528 1354 694 1430 (Incertum
723 1359 840 1414 Atticus
861 1367 1001 1431 quattuor
1022 1376 1118 1415 anuos
1139 1379 1154 1414 a
1172 1359 1375 1425 Varroniana,

37 1442 84 1489 est
105 1434 168 1488 eins
211 1450 393 1499 rsenomen3
414 1434 459 1487 M.
480 1441 589 1496 tamen,
612 1451 627 1488 a
649 1430 690 1488 Μ.
721 1444 784 1490 tres
805 1430 842 1487 ab
863 1451 897 1487 ea
918 1437 1036 1505 ratione
1057 1453 1145 1510 quam
1161 1436 1191 1490 in
1206 1434 1304 1491 Fastis
1320 1434 1377 1491 Ca-

36 1508 128 1564 l.ivio
147 1452 318 1565 Salinatore
342 1506 481 1575 ductum,
506 1506 692 1583 probabilius
722 1508 856 1584 pitoliois
877 1508 1063 1575 invenimus,
1085 1509 1277 1566 recesserit.”
1317 1509 1376 1566 Sed

35 1601 128 1716 quatu
145 1584 190 1651 Ι..)
217 1583 292 1642 Loci
306 1582 436 1640 Tulliani
455 1581 491 1638 de
507 1602 544 1640 co
560 1584 589 1639 hi
605 1594 693 1639 sunt:
723 1586 791 1641 buic
811 1584 948 1659 opinioni
962 1585 1140 1641 adversatur
1153 1582 1239 1643 Brut.
1258 1592 1303 1650 15,
1319 1592 1376 1647 60.

66 1661 174 1732 dyssea
186 1659 321 1731 Latina(
343 1677 410 1715 usin
422 1657 557 1715 Orbilius
569 1658 617 1715 ille
630 1659 694 1733 pla·
723 1661 773 1735 ubi
803 1662 867 1715 sine
900 1658 958 1714 ulla
987 1663 1131 1717 varietate
1158 1661 1320 1737 Cethegum
1350 1670 1379 1714 et

35 1753 130 1807 gosus
157 1733 288 1792 dictabat
310 1678 437 1792 lloratio
463 1737 592 1791 circas.
616 1753 645 1789 u.
667 1753 693 1790 c.
723 1734 905 1791 Tuditanum
928 1742 964 1803 (a.
980 1755 1008 1792 ιι.
1024 1754 1050 1791 ι,
1065 1742 1145 1804 550.)
1166 1736 1259 1794 CXL.
1282 1755 1378 1792 annos

36 1817 106 1871 700.
119 1820 149 1866 et
158 1812 244 1867 cuius
255 1810 369 1886 aliquot
379 1829 485 1867 versus
500 1818 693 1883 supersuntz)
723 1822 791 1867 ante
808 1829 845 1866 se
865 1812 1017 1867 consulem
1033 1813 1170 1870 eonsules
1185 1815 1276 1870 fuisse
1292 1814 1376 1880 dicit,

34 1895 84 1942 est
101 1888 144 1942 sic
159 1894 309 1962 tauquam
329 1905 405 1960 opus
422 1884 543 1962 aliquod
558 1885 693 1953 Daedali,
723 1884 801 2019 quod
818 1905 924 1942 rursus
940 1889 1091 1944 consentit
1106 1908 1174 1944 cum
1186 1886 1273 1945 Bruti
1289 1900 1313 1951 t.
1330 1896 1375 1945 72.

35 1970 67 2016 et
91 1960 237 2018 Livianae
255 1961 372 2018 fabulae
396 1980 456 2017 non
478 1964 550 2017 satis
572 1962 691 2034 dignae,
749 1973 863 2018 eternus
891 1960 926 2017 de
955 1964 1122 2020 rationibus
1154 1966 1378 2035 chronologicis

35 2055 116 2114 quse
136 2038 245 2093 iterum
267 2038 415 2113 legantur.
456 2038 554 2115 Atque
575 2038 621 2092 bic
641 2036 694 2095 Li·
722 2038 800 2094 vitae
820 2035 900 2094 Livii
925 2050 1007 2094 recte
1035 2039 1168 2112 disputat
1187 2040 1302 2096 Krousa
1323 2042 1376 2091 Ge-

35 2112 125 2177 vius,
152 2116 202 2189 qui
221 2115 336 2195 primus
356 2111 496 2179 fabulam,
518 2111 552 2169 C.
569 2111 694 2173 Claudio
721 2113 844 2166 sebichte
857 2115 907 2169 der
920 2126 990 2166 rom.
1003 2114 1162 2168 litterator
1177 2116 1213 2171 Τ,
1226 2117 1249 2172 Ι,
1267 2136 1296 2190 p.
1313 2121 1376 2173 121.
1408 2133 1412 2144 ·

35 2190 94 2257 (sie
114 2187 171 2245 Ed.
189 2186 321 2245 Rotuaua
340 2206 499 2262 princeps,
522 2189 610 2263 volgo
627 2189 694 2241 Clo·
723 2189 840 2246 Osonni
856 2190 945 2245 Anat.
963 2192 1031 2246 crit.
1053 2210 1070 2263 p
1094 2195 1140 2248 60.
1165 2210 1287 2249 errores
1308 2210 1379 2245 cor-

34 2266 110 2329 dio),
133 2264 223 2322 Caeci
243 2261 315 2331 filio,
341 2274 372 2321 et
391 2263 431 2321 Μ.
447 2264 598 2321 Tuditano
619 2282 693 2321 coo·
723 2269 833 2338 rigens,
857 2266 914 2322 nisi
935 2264 1014 2341 quod
1037 2268 1065 2320 iu
1087 2264 1173 2321 Bruti
1195 2279 1218 2330 t.
1242 2276 1286 2327 7).
1310 2285 1378 2323 curu

34 2338 166 2405 solibus,
189 2341 291 2397 docuit
310 2359 390 2396 auno
411 2341 476 2415 ipso
496 2351 582 2406 oute,
605 2358 692 2417 quarn
722 2360 757 2397 eo
786 2346 911 2393 Atratum
937 2340 1088 2397 substituit
1119 2347 1223 2407 Accio,
1254 2360 1313 2417 quo
1342 2340 1377 2395 de

33 2425 127 2471 natus
148 2426 194 2472 cst
208 2415 342 2480 Ennius,
366 2425 435 2489 post
449 2415 571 2471 Romam
590 2415 690 2471 condi·
723 2435 827 2473 errore
858 2417 912 2472 eir.
942 2416 1084 2489 Madvigii
1116 2416 1246 2491 Opusoc.
1281 2416 1375 2473 Acsd.

31 2503 97 2548 tarn
122 2503 221 2548 autem
245 2492 470 2569 quartodecimo
494 2503 523 2547 ct
544 2493 693 2567 quingen·
721 2512 751 2566 p.
767 2495 815 2549 96.
831 2490 960 2548 -Livii
975 2493 1145 2549 Andronici
1162 2491 1259 2548 tabula
1274 2492 1377 2567 Equus

32 2566 163 2633 tesimo,
180 2577 214 2624 ut
234 2567 352 2623 Atticus
373 2569 432 2631 ait,
458 2586 546 2644 quem
569 2584 623 2622 uos
644 2584 694 2623 se·
722 2568 886 2624 Troianus.
909 2568 945 2622 ad
958 2566 1041 2623 Fam.
1059 2574 1086 2633 7,
1103 2577 1130 2634 1,
1150 2576 1176 2623 2.
1192 2598 1225 2608 ·-
1241 2567 1276 2623 ln
1292 2567 1377 2641 Equo

33 2644 175 2719 quimurr
203 2652 249 2698 est
270 2645 349 2699 enirn
372 2644 451 2699 inter
470 2645 636 2717 scriptores
657 2639 693 2696 de
722 2643 857 2699 Troiano
887 2644 946 2698 scis
977 2661 1042 2699 esse
1073 2646 1102 2699 in
1133 2654 1283 2699 extremo:
1314 2661 1378 2694 sero

33 2721 558 2775 numeroannormucontroversia.
582 2717 693 2773 Accius
721 2725 835 2789 sapiunt
856 2716 1029 2791 (Phryges.)
1062 2718 1137 2774 lbid.
1159 2726 1203 2781 16,
1226 2728 1250 2774 1.
1276 2747 1306 2758 -
1329 2715 1377 2773 Ad

32 2804 137 2850 autem
156 2812 173 2848 a
194 2794 232 2866 Q.
253 2792 385 2849 Maximo
408 2795 545 2869 quintum
569 2791 693 2849 consule
722 2794 847 2849 eaodem
860 2792 989 2849 fabulam
1004 2793 1164 2863 Bengelius
1180 2793 1293 2850 rettulit
1309 2812 1378 2849 rer-

30 2876 121 2935 (a.u.
138 2873 262 2934 ndei.)
282 2888 317 2924 cs
341 2880 401 2924 tum
423 2868 548 2925 Tarenti
570 2868 692 2942 scripsit
721 2888 788 2926 suus
816 2870 1012 2941 Usqraeqoaque
1044 2881 1101 2926 cet.
1143 2870 1219 2926 lbid.
1245 2898 1275 2909 -
1304 2869 1376 2925 Eius

31 2944 155 3002 Livium
179 2943 318 3001 anoisX
352 2944 389 3001 X.
410 2955 494 3019 post,
518 2963 606 3021 quam
626 2961 693 2999 euru
722 2944 895 3006 Laodamia,
918 2944 947 3000 in
964 2964 1021 3021 qua
1037 2948 1146 3002 chorus
1162 2947 1374 3017 Proserpinae.
1442 2970 1449 2985 ι

30 3019 168 3077 tabularu
189 3022 327 3076 docuisse
348 3031 377 3076 et
395 3022 515 3077 Atticus
536 3018 643 3077 scribit
665 3030 693 3074 et
723 3021 820 3076 Varro
840 3018 903 3078 LL.
926 3023 963 3083 6,
985 3023 1012 3077 9.
1035 3043 1065 3096 ρ.
1088 3027 1153 3081 275.
1175 3023 1254 3091 (cir.
1282 3020 1378 3076 Scati-

31 3114 93 3153 nos
117 3098 147 3151 iu
168 3097 300 3172 antiquis
326 3097 548 3153 commentariis
576 3096 693 3151 inveni·
722 3095 797 3169 ger.)
818 3125 850 3136 -
871 3094 990 3153 Liviani
1011 3107 1041 3152 et
1059 3097 1203 3154 Naeviaoi
1227 3098 1305 3152 modi
1326 3115 1377 3152 so·

28 3190 121 3228 mus:
153 3170 291 3228 docuisse
321 3182 417 3227 sutem
447 3169 577 3228 labblam
604 3173 692 3226 annis
722 3170 824 3229 lebant
856 3171 1007 3249 quondam
1041 3173 1186 3248 coiripleri
1217 3176 1378 3228 severitate

27 3258 105 3323 post
124 3245 180 3302 xl.
202 3245 284 3313 (ΧΠ.
304 3246 433 3303 Wetzel.
461 3266 488 3303 a.
511 3266 540 3303 u.
564 3266 589 3304 c·
612 3251 691 3313 557.)
721 3247 860 3305 iucunda.
891 3245 1032 3321 detege.
1049 3258 1076 3316 2,
1095 3257 1139 3313 15,
1156 3253 1202 3307 59.
1222 3266 1257 3290 -·
1279 3246 1378 3303 Verba

28 3322 67 3381 C.
94 3321 256 3390 Cornelio,
285 3321 323 3395 Q.
346 3322 479 3380 Minucio
504 3321 690 3387 consulibus,
721 3327 844 3398 spoleta
866 3322 954 3379 Livio
974 3323 1092 3380 relicta.
1133 3324 1232 3380 Varro
1256 3323 1318 3380 LL.
1341 3328 1377 3389 5,
1459 3352 1462 3361 ·

25 3397 112 3455 ludis
126 3397 302 3465 luventatis,
315 3416 390 3476 quos
402 3396 692 3455 SalinatorScneosi
727 3412 748 3457 t.
770 3419 798 3474 p.
821 3406 867 3456 ot.
887 3397 950 3455 LL.
976 3404 1009 3466 7,
1031 3405 1059 3459 5.
1084 3420 1113 3474 p.
1134 3404 1199 3461 565.
1225 3429 1256 3439 -
1280 3398 1377 3472 Saepe

26 3473 153 3549 proelio
174 3485 308 3531 voverat.
348 3475 382 3531 ln
404 3493 464 3550 quo
484 3485 583 3531 tantus
605 3492 693 3530 error
721 3478 800 3532 inter
819 3492 852 3532 se
874 3474 1101 3531 confunduntur
1115 3477 1146 3530 in
1162 3474 1254 3531 Codd.
1274 3476 1378 3540 Livius,

25 3551 124 3607 Accii
144 3550 215 3616 tuit,
231 3560 268 3606 'ut
288 3551 334 3606 bis
354 3548 529 3607 consulibus
550 3549 615 3606 XL.
638 3567 692 3603 an·
723 3552 852 3617 Laevius,
874 3551 1014 3615 lt'aeotus,
1035 3553 1157 3605 Novius.
1188 3549 1251 3608 Cir.
1267 3549 1378 3605 Kortcs

26 3643 91 3681 nos
109 3633 197 3682 uatus
210 3625 326 3682 Ennius
340 3625 445 3689 luerit:
468 3627 515 3680 cui
536 3643 603 3681 curu
624 3622 691 3699 (Ed.
721 3626 843 3678 laisum
857 3646 892 3678 zu
905 3624 1066 3680 Eberhardt
1100 3633 1164 3684 .26.
1182 3636 1211 3680 et
1222 3625 1379 3681 Weicbert

25 3701 125 3758 Rom.
146 3706 182 3765 st,
204 3700 375 3757 attolebat
396 3699 619 3766 Schneiderus)
642 3717 693 3753 ae·
722 3700 757 3756 de
780 3698 894 3758 Laevio
921 3702 1018 3775 poe’ts.
1066 3645 1152 3758 llbe't.
1177 3700 1244 3756 Lat.
1274 3720 1304 3776 p.
1329 3708 1374 3759 19.

26 3776 133 3853 qualis
162 3776 253 3833 luerit
279 3775 402 3842 Livius,
431 3776 530 3832 minor
555 3776 612 3832 luit
636 3773 693 3829 ali·
722 3794 804 3852 seqq.

26 3862 150 3926 quanto
171 3853 214 3917 is,
232 3851 291 3939 'qni
314 3853 429 3926 primus
450 3850 578 3906 fabulam
599 3849 690 3916 dedit,
759 3886 1059 3946 ammomum
1090 3888 1162 3946 Eius
1186 3886 1239 3945 fini
1260 3888 1318 3944 duo
1340 3889 1374 3946 C·

24 3944 240 4061 ttttttftt
253 3926 691 4060 ΜῖξῗὲἶὲἶῆἰῗξὶἒῗῗιΜ’.
721 3962 830 4104 3))
859 3963 1318 4116 ))))1))1·1))1·11ξ))ἳξ)ἳ,ζ
1331 3975 1377 4095 ἲ)

24 4085 86 4142 18,
113 4085 151 4135 72
172 4088 200 4134 et
220 4082 267 4138 75.
290 4108 326 4121 -·
351 4077 458 4135 Livius
483 4078 690 4141 Andronicus,
723 4117 728 4127 .

21 4228 180 4294 ῆμιο
202 4229 399 4287 νοοῆιῆ
433 4240 469 4295 ι
495 4230 691 4303 ιομῆιιι
720 4212 781 4323 ιι.
797 4190 1374 4339 ttffuttttuttuttutat.

21 4304 251 4446 &⁸533le
259 4296 431 4438 fficiam
441 4249 690 4445 ξξῖιοῇἀΐξᾷζξ
719 4349 796 4408 (658.
810 4342 912 4409 Varr.)
927 4344 1019 4398 refert
1034 4342 1125 4399 adlll.
1137 4342 1267 4398 Drusum
1283 4340 1316 4398 C.
1330 4341 1374 4408 F,

21 4453 227 4523 conalibus,
246 4475 326 4513 anno
340 4466 410 4511 aute
427 4467 527 4512 natum
545 4455 687 4512 Ennium.
718 4417 864 4562 ἕξῗηῗξῖ·
886 4426 921 4550 Ξ)
947 4415 1373 4571 ’ἕέοῑῖὼξὲἓίῑθᾈὲῧῖὓῖῖ

22 4530 160 4589 Tuscul.
179 4544 204 4598 t,
220 4540 249 4597 1,
264 4536 292 4592 5.
314 4561 346 4572 -
365 4530 463 4601 „Vidi
480 4534 570 4588 etiam
589 4548 689 4588 senem
896 4574 902 4582 .

23 4607 172 4674 Livium
190 4609 321 4682 quicum
337 4626 390 4664 sex
404 4609 495 4664 annis
506 4617 586 4672 ante,
601 4625 690 4683 quam
718 4569 843 4629 sumu·
865 4568 969 4627 Uber·
992 4576 1020 4631 3·
1061 4569 1134 4627 3³⁸·

24 4703 80 4761 ego
114 4683 271 4759 (loquitur
292 4683 367 4741 Cato
391 4681 572 4756 Censorius)
601 4691 688 4737 uatus
756 4683 914 4742 C.L1v1us
933 4682 967 4740 C.
984 4682 1018 4738 F.
1036 4681 1171 4749 Danaus,
1194 4680 1235 4738 Μ.
1257 4681 1368 4749 Druso,

24 4778 92 4819 suns
118 4764 158 4827 (a.
172 4776 202 4814 u.
219 4777 246 4815 c.
262 4764 352 4824 570),
374 4757 505 4815 fabulam
526 4757 686 4823 docuisset,
718 4759 750 4818 C.
766 4758 798 4816 F.
821 4761 906 4816 tratri
928 4761 958 4814 in
980 4758 1146 4834 eloquentia
1169 4758 1306 4831 proxime
1321 4757 1373 4814 ad-

25 4836 170 4895 Ceutou‘e
195 4833 347 4893 Tuditano
390 4851 508 4892 ecoss.
537 4834 583 4907 (a.
606 4851 635 4889 n.
658 4852 684 4889 c.
719 4838 847 4892 iunctus.
888 4833 974 4891 Brut.
996 4840 1050 4897 28.
1075 4839 1140 4893 109.
1165 4862 1197 4873 -
1219 4831 1254 4889 C.
1279 4832 1371 4913 Drusi

23 4916 117 4979 ⁵14.)
150 4927 245 4986 usque
272 4908 308 4967 ad
335 4910 567 4967 solescentiam
592 4926 689 4966 mecm
718 4913 836 4969 donnum
851 4909 995 4985 compleri
1010 4907 1234 4965 consultoribus
1251 4908 1369 4964 solitam

22 4986 185 5071 processit
199 4985 328 5043 setate.”
355 4985 489 5051 estoit,
504 4990 550 5045 50.
572 5014 603 5027 -
625 4984 687 5040 Ter
718 4988 906 5061 accepimus3
937 5003 1022 5050 curu,
1053 5002 1179 5061 quorum
1205 5002 1255 5040 res
1277 4993 1366 5048 esset,

20 5073 124 5144 igitur
144 5059 226 5122 idem
246 5059 376 5121 affirmat
389 5060 498 5121 Cicero
517 5079 554 5118 ex
568 5062 687 5119 radone
717 5080 771 5120 sno
790 5064 850 5138 ipsi
868 5080 931 5120 ooo
950 5059 1109 5129 ridebant,
1135 5077 1257 5118 caecum
1282 5058 1369 5115 adbi-

22 4155 81 4228 qni
108 4152 168 4209 fait
189 4156 285 4211 maior
310 4164 382 4210 natu
402 4173 494 4286 quam
516 4153 639 4211 Plautus
663 4163 692 4209 et
721 4192 753 4246 11

720 4116 879 4171 interfecto
893 4115 1023 4179 Drauso,
1046 4114 1201 4171 Gallorum
1218 4115 1303 4176 duce.
1327 4126 1375 4170 tu-
1468 4130 1472 4143 ’
