3288 5594
288 374 306 405 ⁹
461 442 539 510 -Μ,
561 441 764 511 TULLIUS
788 436 978 513 CICERO·
1335 444 1396 515 601

51 600 105 642 me
118 584 281 641 ‘coniectas
307 600 373 642 esse
398 581 584 652 arbitrarer3
613 595 647 641 ut
665 604 721 642 mes
741 584 885 664 quidquid
904 595 1002 653 esset,
1023 586 1094 643 esse'
1110 585 1274 662 perfectum
1293 599 1323 647 et
1341 591 1397 647 ba-

51 670 248 736 quaesturam
293 678 425 717 cmeam
452 660 539 737 quasi
560 663 592 718 in
611 661 712 736 aliquo
742 660 813 741 bere
852 663 1053 718 maturitatem
1089 662 1239 739 quandam
1276 666 1398 723 suam.”

49 746 208 793 terrarum
228 754 264 791 or
287 737 311 792 is
330 736 448 792 theatro
469 738 586 793 uersari
609 737 714 792 existi·
741 735 827 793 Brut.
848 743 896 803 92,
917 743 982 798 518.

47 830 187 879 marem3
218 812 252 867 ut
276 828 394 886 semper
421 814 539 878 omnia,
569 829 645 888 quae
666 813 713 868 ιιι-
779 814 816 868 Α.
838 830 868 869 ιι.
891 829 918 868 c.
942 811 1010 873 list.
1040 822 1105 869 aete
1124 811 1285 872 XXXVII.
1326 817 1397 888 ,itte

49 886 156 963 cunda
178 904 243 942 esse
255 887 416 954 uidentur,
439 905 473 943 ea
488 905 551 943 non
565 886 713 943 modullis
742 886 867 955 aedilem
885 889 1018 961 priorem
1032 890 1149 944 cunctis
1170 888 1321 964 suffragiis
1342 911 1399 968 po-

50 961 308 1019 extraordiuariis
319 959 542 1036 cupiditatibus,
558 962 713 1019 sedetiam
741 961 830 1038 pnlus
850 963 1004 1019 Romanus
1023 961 1181 1021 iaciebat.'¹
1209 968 1239 1022 in
1254 967 1315 1024 Ριι.
1329 974 1356 1035 1,
1371 977 1399 1027 2.

48 1039 62 1094 ι
90 1040 116 1094 ιι
129 1048 255 1094 naturae
268 1056 303 1093 ac
318 1039 488 1094 necessitati
507 1036 714 1112 denegarem.”
742 1069 779 1082 -
798 1077 819 1111 „
826 1036 915 1094 Nunc
932 1056 998 1095 sum
1012 1037 1186 1116 designatus
1201 1041 1322 1099 aedilis:
1343 1045 1398 1100 laa-

86 1131 147 1169 err.
171 1116 394 1181 5,1i,35.—
413 1113 503 1183 ,Non
523 1131 647 1180 vereor,
675 1132 713 1169 ue
742 1110 798 1169 beo
818 1114 977 1179 rationem,
1002 1113 1074 1189 quid
1094 1134 1110 1170 a
1130 1117 1244 1191 populo
1264 1117 1398 1178 Romano

51 1191 125 1266 quis
151 1188 260 1245 audeat
285 1188 402 1257 dicere,
433 1189 522 1246 ullius
551 1190 582 1245 in
610 1188 712 1246 Sicilia
743 1190 928 1265 acceperimr
964 1190 1038 1253 mihi
1073 1189 1159 1246 ludos
1192 1194 1398 1251 sanctissimos

50 1274 251 1341 quaesturam
278 1273 328 1320 aut
348 1265 507 1321 clariorem
530 1276 581 1320 aut
599 1267 714 1342 gratio·
741 1267 871 1320 nraxima
899 1283 966 1321 cuna
990 1283 1063 1321 cura
1091 1277 1121 1323 et
1140 1268 1320 1326 caerimonia
1340 1269 1400 1328 Ce-

49 1357 122 1397 rem
149 1341 252 1397 inisse.
294 1338 372 1396 Vere
396 1340 564 1397 mehercule
586 1343 644 1400 hoc
668 1340 714 1395 di·
742 1341 816 1405 reri,
828 1339 940 1397 Libero
951 1338 1138 1419 Liberaeque
1147 1334 1312 1411 iaciendos,
1324 1346 1399 1402 milii

50 1434 141 1471 cani:
168 1417 213 1471 sic
234 1426 296 1471 tum
316 1414 540 1483 existimabam,
566 1415 640 1472 nihil
659 1417 715 1472 ho·
741 1415 860 1472 Floram
881 1426 1006 1472 matrem
1031 1434 1071 1490 po
1094 1417 1143 1474 uln
1168 1415 1309 1495 plebique
1336 1419 1399 1478 ito-

49 1493 154 1548 1niues
174 1490 256 1547 alind
274 1490 386 1548 Romae
412 1492 473 1548 uisi
496 1491 533 1547 de
553 1502 713 1569 quaestura
742 1506 847 1546 manae
865 1490 1003 1548 ludorum
1016 1435 1189 1550 celebritate
1209 1493 1397 1568 placandam,

49 1585 123 1623 rura
143 1566 235 1642 loqui.
271 1566 425 1623 Frumenti
447 1567 478 1622 ιιι
499 1586 612 1623 summa
634 1568 713 1622 cari·
742 1566 815 1622 mihi
839 1564 926 1624 ludos
952 1568 1194 1654 antiquissimos,
1226 1572 1278 1646 qui
1307 1574 1397 1646 primi

52 1654 118 1698 tate
137 1645 300 1698 maximum
315 1660 471 1698 numerum
486 1645 637 1709 miseram,
661 1660 714 1697 ne·
742 1641 870 1698 Romani
889 1642 1031 1718 appellati
1050 1654 1136 1712 aunt,
1163 1662 1230 1700 cnm
1252 1643 1398 1723 dignitate

53 1715 257 1794 gotiatoribns
269 1717 601 1781 comis,1uercatoribus
610 1720 715 1785 iustus,
742 1720 871 1773 maxima
892 1727 922 1772 et
940 1717 1087 1795 religione
1107 1719 1189 1788 lovi,
1210 1718 1319 1779 lunoni
1339 1722 1399 1780 Μι-

53 1789 248 1868 mancipibus
268 1791 413 1860 liberalis,
436 1796 527 1849 sociis
547 1791 712 1857 abstinens,
745 1810 855 1848 nervae
879 1810 915 1847 ne
935 1810 1002 1849 esse
1019 1793 1187 1862 iaciundos,
1210 1797 1282 1853 aiibi
1296 1815 1400 1854 sacra-

55 1865 198 1925 omnibus
214 1886 295 1924 eram
316 1869 396 1924 visua
412 1869 444 1925 in
460 1871 543 1925 omni
556 1866 658 1925 cilicio
672 1868 715 1925 di·
744 1886 809 1923 rum
824 1812 941 1924 aedium
952 1871 1206 1941 procurationem,
1220 1872 1293 1929 mibi
1306 1884 1399 1931 totam
1472 1932 1477 1941 ,

52 1944 292 2020 ligeuiissimus:
315 1945 477 2018 excogitati
494 1942 614 2020 quidam
628 1953 715 2000 erant
743 1941 849 1999 urbem
869 1942 1009 1999 tuendam
1035 1962 1101 2001 esse
1126 1948 1332 2004 commissarii
1360 1947 1399 2006 ob

56 2026 86 2076 a'·
94 2018 202 2076 Siculis
222 2019 352 2076 honores
370 2021 401 2075 in
415 2038 461 2075 me
476 2019 632 2076 inauditi.¹’
659 2039 714 2094 pro
742 2036 847 2074 earum
860 2036 963 2074 rernm
976 2016 1110 2077 laborem
1125 2031 1156 2077 et
1168 2020 1400 2082 sollicitudiuem

55 2096 164 2153 Plane.
185 2099 233 2161 26,
253 2097 301 2155 64.
742 2090 858 2150 fructus
879 2094 948 2149 illos
969 2093 1066 2162 datos,
1088 2099 1150 2152 anti
1194 2100 1289 2154 iorem
1306 2101 1402 2157 inse-

97 2172 135 2227 Α.
144 2189 174 2227 ιι.
184 2189 211 2226 c.
221 2174 286 2229 680.
299 2168 508 2227 aetXXXIII.
520 2170 545 2226 Ε
556 2170 714 2245 provincia
744 2180 816 2225 natu
830 2172 997 2226 sententiae
1011 2168 1155 2228 dicendae
1180 2191 1278 2240 ocum,
1299 2185 1400 2247 togam

57 2245 165 2305 Sicilia
193 2246 270 2316 ,bac
290 2263 352 2322 spe⁴
364 2244 560 2310 decedebam,
591 2258 625 2302 nt
644 2246 716 2303 mihi
744 2255 942 2319 praetextam,
965 2245 1069 2301 sellam
1089 2247 1233 2317 curulem,
1258 2252 1304 2306 ins
1324 2252 1402 2309 ima-

57 2321 201 2396 pnpolum
223 2321 390 2378 Romanum
409 2321 490 2378 ultro
510 2322 610 2378 omnia
634 2321 715 2378 dela·
744 2322 823 2396 ginis
856 2320 893 2376 ad
925 2324 1099 2378 memoriam
1133 2326 1400 2403 posteritatemque

57 2407 160 2453 tarum
175 2408 322 2473 putarem.
350 2397 391 2453 At
403 2415 458 2471 ego
479 2414 545 2453 cum
566 2415 638 2453 casu
652 2397 715 2453 die·
744 2394 951 2469 prodendae.''
975 2395 1279 2466 verr.s,1t,36.-
1296 2400 1400 2472 „Cum
1505 2420 1508 2425 ’

58 2472 116 2531 bus
136 2474 190 2540 iis,
212 2473 330 2529 itineris
350 2471 479 2529 faciendi
499 2491 605 2539 causa,
629 2472 717 2530 dece·
744 2490 840 2527 essem
860 2475 892 2527 iu
912 2470 1049 2546 plurimis
1070 2475 1170 2530 causis
1190 2484 1220 2531 et
1239 2475 1270 2530 in
1284 2477 1402 2550 priuci-

60 2548 134 2604 deus
153 2566 170 2604 e
190 2548 364 2624 prouincia,
394 2547 536 2604 Puteolos
563 2550 640 2605 forte
664 2566 716 2603 ve·
744 2544 831 2622 pibus
851 2546 988 2622 patronis
1003 2548 1238 2624 quinquennium
1252 2551 1316 2607 fere
1330 2570 1401 2609 ver-

58 2627 189 2690 nissem,
220 2643 287 2681 eum
307 2622 428 2698 plurimi
458 2635 487 2680 et
507 2623 664 2682 lautissimi
685 2625 716 2679 in
743 2633 837 2689 satus,
860 2632 923 2678 tum
944 2624 974 2677 in
987 2626 1157 2697 patrocinio
1170 2624 1323 2684 Siciliensi
1334 2629 1401 2684 lua-

59 2702 98 2757 ιιι
118 2699 191 2756 locis
212 2699 402 2756 sulentesse:
428 2700 546 2756 concidi
560 2716 649 2774 pene,
671 2702 717 2756 iu·
744 2701 822 2753 xime
843 2698 874 2752 in
895 2708 1047 2754 certamen
1068 2702 1138 2756 veui
1158 2701 1332 2774 designatus
1346 2722 1399 2759 ae-

61 2775 160 2841 dices,
182 2794 250 2831 cnm
270 2792 308 2830 ex
328 2793 374 2830 mc
396 2775 516 2851 quidam
537 2778 712 2849 quaesisset,
744 2772 1058 2846 diliscumdeaignato
1072 2775 1400 2836 consuteHurtensio.”

61 2851 187 2928 quodie
207 2850 301 2907 Roma
323 2852 461 2916 exissem,
486 2861 516 2905 et
536 2869 606 2906 nura
628 2850 716 2927 quid-
744 2848 830 2905 Brut.
856 2850 909 2916 92,
932 2854 997 2907 619.
1026 2879 1053 2892 -
1087 2849 1211 2909 Scilicet
1235 2853 1292 2909 lanc
1318 2872 1399 2911 anno

60 2945 130 2983 nam
150 2937 230 2983 esset
248 2927 331 2983 novi.
373 2923 429 2983 Cui
449 2944 516 2982 eum
539 2923 715 3000 respondis·
744 2923 779 2980 C.
794 2922 908 2979 Verres
928 2942 945 2979 a
965 2922 1086 2992 Siculis,
1107 2931 1158 3003 qui
1179 2931 1401 3003 praetoriae·

60 3020 134 3066 sem,
146 3000 605 3076 memeapruviuciadecedcrer
619 3002 715 3054 Etiam
744 3000 902 3074 prouincia
922 3009 988 3055 erat
1013 2999 1190 3071 libidinose,
1217 3022 1309 3061 auare
1327 3023 1401 3062 crn-

59 3078 224 3145 mehercule,
246 3079 354 3154 inquit,
375 3087 408 3129 ut
421 3083 529 3148 opinor,
546 3096 583 3129 ex
596 3075 714 3148 Africa.
744 3075 908 3150 deliterque
927 3085 1066 3133 versatus
1086 3079 1321 3153 repetundarum
1344 3099 1401 3155 po-

59 3152 139 3211 Huic
164 3172 220 3227 ego
247 3154 306 3209 iam
330 3153 520 3209 stomachans
543 3153 714 3209 fastidiose:
745 3150 871 3207 eiulatus
892 3161 952 3217 est3
975 3168 1069 3227 eaque
1090 3157 1242 3212 accusatio
1263 3155 1300 3211 ad
1314 3154 1401 3214 Cice-

58 3231 147 3283 Immo
165 3249 203 3282 ex
216 3231 323 3294 Sicilia,
343 3232 475 3304 inquam.
504 3228 582 3284 Tum
596 3227 716 3304 quidam
743 3242 849 3283 renem
870 3224 980 3282 delata.
1021 3225 1097 3285 Cum
1116 3241 1215 3287 autem
1235 3230 1273 3304 Q·
1295 3232 1402 3290 Caeci-

59 3305 148 3381 qnasi
166 3306 217 3382 qui
237 3304 336 3360 omnia
359 3305 470 3360 sciret:
501 3305 597 3374 Quill?
617 3314 649 3356 tu
665 3322 716 3356 ne·
745 3302 802 3359 lius
816 3300 922 3375 Niger,
944 3300 1075 3369 Siculus,
1097 3308 1149 3382 qni
1168 3316 1311 3382 quaestor
1323 3306 1402 3365 Ver-

57 3385 125 3444 scis,
146 3380 259 3456 inquit,
282 3376 352 3432 bure
371 3388 548 3451 quaestorem
567 3381 718 3452 Syraeruis
745 3380 788 3435 ris
808 3377 968 3443 increase
987 3380 1088 3452 potins
1105 3394 1311 3439 accusatorem
1325 3401 1401 3440 con-

52 3457 171 3529 suisse?
198 3454 277 3526 Quid
290 3454 403 3514 multa?
418 3454 519 3512 destiti
534 3456 715 3511 stomachari
744 3454 828 3509 stitui
839 3463 980 3527 oportere
991 3455 1198 3520 contenderet,
1212 3457 1318 3514 Cicero
1332 3477 1401 3515 eum

59 3542 91 3588 et
110 3548 156 3585 me
175 3548 267 3585 uuum
286 3547 326 3585 ex
346 3532 382 3585 iis
402 3531 479 3597 ieci,
501 3533 552 3606 qui
572 3530 608 3586 ad
623 3548 716 3607 aquas
745 3530 893 3594 oratione,
914 3545 989 3604 qnae
1002 3529 1143 3583 divinatio
1155 3538 1185 3585 in
1199 3533 1234 3603 Q.
1249 3534 1401 3588 Caecilium

57 3608 224 3663 venissent.
265 3603 325 3662 Sed
351 3622 384 3660 ea
411 3624 461 3661 res
489 3605 568 3660 baud
593 3605 657 3661 scio
678 3623 714 3659 aa
745 3604 866 3667 dicitur,
881 3604 964 3658 vicit.
987 3602 1065 3659 Tum
1076 3622 1142 3661 cum
1156 3604 1214 3663 sibi
1228 3608 1402 3684 inquirendi

57 3682 155 3756 pluris
176 3681 248 3736 mibi
266 3682 377 3745 inerit,
407 3698 495 3755 quam
516 3683 540 3735 si
561 3680 633 3735 mibi
652 3689 715 3734 tum
745 3695 835 3733 causa
857 3675 880 3733 C
901 3687 930 3733 et
949 3675 979 3733 Χ
999 3676 1062 3734 dies
1083 3681 1113 3734 in
1134 3678 1268 3738 Siciliam
1288 3696 1399 3759 posiu-

57 3766 161 3815 essent
186 3774 289 3813 omnes
317 3755 467 3831 gratulati.
507 3753 584 3811 Nam
611 3764 714 3829 postea
742 3751 1398 3829 lasset‚(Verr.Actt,2,6.)etunaeumL,

58 3850 148 3909 qnam
174 3835 255 3889 sensi
275 3830 380 3907 populi
400 3830 528 3886 llomani
555 3846 643 3886 aures
664 3830 716 3885 be·
746 3828 892 3885 Cicerone
911 3826 1006 3883 tratre
1020 3830 1155 3903 patruele
1169 3841 1262 3889 totam
1275 3837 1401 3909 provin-

55 3908 208 3973 bciinres,
233 3907 336 3964 oculos
357 3917 454 3962 sutem
476 3922 541 3961 esse
562 3922 648 3961 acres
669 3915 716 3960 at·
744 3906 821 3963 ciam
842 3902 1018 3977 colligendis
1039 3904 1148 3962 litteris
1172 3907 1204 3963 in
1224 3909 1352 3967 Verrem
1371 3921 1402 3967 et

55 4002 117 4062 qne
137 3993 259 4051 acutos,
290 3981 390 4039 destiti
416 3980 487 4059 quid
505 3975 543 4036 de
562 3999 610 4037 me
630 3979 716 4036 audi·
745 3976 957 4034 denuntiandis
987 3980 1168 4038 testimoniis
1218 3996 1398 4062 eragrassct,

54 4060 120 4118 turi
140 4068 243 4114 esseut
261 4059 397 4114 homines
417 4058 568 4133 cogitare;
589 4057 664 4121 ieci,
682 4060 718 4113 ut
746 4054 868 4111 Rumam
885 4071 1044 4122 reuersus,
1067 4074 1133 4112 cum
1153 4058 1183 4114 vi
1206 4071 1270 4116 eret
1288 4059 1319 4117 id
1339 4081 1355 4117 a
1378 4064 1400 4133 i,

54 4146 164 4213 postea
190 4133 324 4209 quotidie
350 4143 539 4208 praesentem
566 4150 612 4188 me
632 4130 717 4188 vide·
745 4140 778 4185 ut
797 4128 968 4187 Siculorum
987 4145 1078 4187 cansa
1098 4151 1115 4188 a
1134 4132 1185 4189 Μ’.
1209 4134 1307 4192 Acilio
1328 4081 1401 4194 Gi-

54 4220 147 4277 rent3
172 4208 304 4266 habitari
317 4208 348 4265 ιιι
363 4209 470 4276 oculis,
492 4212 592 4284 pressi
605 4208 714 4274 iorum,
744 4203 864 4271 hrioue,
886 4207 936 4282 qui
951 4207 979 4262 h.
994 4225 1022 4261 ι.
1037 4218 1161 4281 praetor
1174 4221 1241 4267 erat
1260 4223 1288 4267 et
1309 4231 1402 4301 quae-

55 4287 209 4345 nemiuem
230 4303 248 4340 a
268 4302 435 4359 congressu
460 4303 526 4341 meo
554 4300 650 4359 neque
674 4285 717 4338 ia·
745 4283 822 4337 situr
835 4279 871 4336 de
884 4280 1069 4355 repetundis,
1091 4284 1259 4363 ceterisque
1274 4306 1323 4363 qui
1337 4297 1401 4345 tum

55 4365 141 4421 nitor
159 4378 244 4417 meus
270 4378 368 4436 neque
394 4378 518 4417 somnus
540 4357 714 4416 absterruit.
746 4367 832 4414 eraut
853 4353 1017 4425 iudicibus,
1048 4358 1079 4413 ιιι
1100 4376 1210 4416 annum
1229 4366 1401 4438 proximum

55 4436 176 4521 Ecquid
204 4453 259 4512 ego
285 4435 382 4491 dicam
409 4435 446 4491 de
469 4438 623 4510 occupatis
643 4435 717 4490 meis
746 4431 930 4497 differretur,
951 4429 1003 4488 ubi
1017 4432 1092 4490 alius
1105 4443 1238 4511 praetor,
1260 4439 1310 4496 alii
1323 4436 1402 4495 iudi·

53 4510 264 4588 teuiporihua,
295 4512 343 4567 cui
369 4510 460 4566 inerit
479 4528 517 4566 ue
536 4513 630 4567 otiam
650 4510 717 4586 qui-
745 4526 807 4575 ces,
829 4507 1027 4583 consulesque
1046 4508 1141 4566 futuri
1154 4522 1254 4568 esseut
1266 4512 1402 4571 Horten-

57 4589 128 4646 dem
148 4605 280 4664 uuquam
300 4586 453 4642 otiosum?
493 4585 570 4642 Nam
590 4603 664 4663 quas
685 4595 717 4640 tu
741 4586 808 4639 'sius
828 4594 857 4639 et
875 4582 1031 4648 Metellus,
1059 4586 1111 4659 qui
1130 4570 1221 4643 Verri
1245 4587 1398 4657 favebant,

57 4681 296 4729 commemoras,
319 4660 421 4729 Gaesi,
449 4661 548 4738 legere
569 4671 597 4719 te
618 4660 716 4717 solere
745 4660 824 4715 hanc
844 4662 990 4715 rationem
1010 4659 1087 4729 iniit,
1110 4671 1142 4716 ut
1160 4673 1305 4737 perpetua
1325 4682 1401 4721 ora-

56 4743 231 4806 nrationea,
264 4755 332 4794 cum
356 4738 470 4793 otiosus
498 4740 559 4793 sis:
589 4737 641 4793 ιιιι
662 4753 718 4807 ego
746 4736 828 4792 tinne
866 4735 1078 4811 praetermissa
1109 4734 1235 4793 Verrem
1270 4737 1398 4808 tabulis,

57 4817 173 4891 scripsi
191 4813 270 4870 ludis
289 4821 319 4869 et
339 4813 434 4876 teriia,
457 4813 633 4868 neemiae
652 4830 718 4867 um·
746 4808 890 4875 testibus.
942 4809 1046 4866 riraiis
1076 4808 1262 4889 publicisque
1291 4815 1400 4873 litteris

57 4908 151 4969 quam
171 4908 266 4947 essem
287 4886 434 4944 otiosus.”
467 4905 525 4963 pro
541 4885 645 4943 Plane.
667 4893 714 4951 26,
746 4829 1034 4961 auctoritatibusque
1044 4898 1211 4954 accusaret,
1223 4891 1400 4968 singulaque

56 4971 109 5028 65.
123 4972 211 5035 -27,
233 4968 280 5025 66.
320 4961 419 5035 ,Cum
439 4979 456 5018 e
476 4962 579 5021 Sicilia
601 4980 649 5019 me
667 4980 720 5019 re·
746 4963 872 5019 crimina
891 4972 983 5018 testes
1003 4962 1220 5036 interrogando
1238 4984 1401 5042 argumen-

57 5043 231 5121 cepisaem,
257 5036 496 5100 itur-ridebatur
515 5037 587 5098 illud
606 5039 638 5097 in
658 5056 716 5109 ane,
744 5040 786 5097 tir
811 5035 955 5098 etheaei
982 5037 1120 5097 oratione
1148 5035 1292 5105 lirma‘rei.
1320 5041 1400 5117 Ωιι
