3416 5586
259 278 323 343 aar
515 279 559 363 Q.
583 278 723 347 canc.
746 278 1004 347 sternutus
1026 245 1305 348 nuntnrcus.

256 419 360 499 -gloria
384 433 472 499 atque
494 422 695 500 aliaoptanda'
715 420 804 481 bonis
822 440 915 499 supe·
944 421 1143 480 multitudinis
1183 422 1326 479 incitatae
1364 439 1457 480 censu
1496 422 1605 499 probi-

261 496 386 563 rabant,
409 510 510 559 tauten
528 501 626 587 inerat
643 510 833 575 contemptor
848 502 916 587 ani·
944 499 1075 565 buisset,
1098 516 1225 576 cumque
1246 500 1278 554 in
1299 515 1364 585 earn
1377 498 1604 585 legem,·quam

261 574 640 709 td.:¹t.¹:t.⁸t!'⁰fl¹ta
649 573 917 708 ‘imitabili
945 594 1024 708 331¹..
1036 572 1461 719 'lt1.{:‘c'.t5¹¹¹a¹¹²ltttt
1495 593 1606 706 titt

266 722 424 799 perfidiam
451 727 549 800 punit.
581 724 626 782 lb.
647 729 695 785 69.
726 756 756 767 -
787 727 918 784 Marium
947 746 1035 804 quam
1056 724 1095 782 de
1113 727 1261 782 sententia
1282 725 1448 781 demoveri.
1470 743 1529 799 pro
1547 724 1607 783 Se-

264 817 327 857 cos.
347 819 375 856 a.
399 819 429 858 ιι.
450 819 477 858 c.
498 800 566 861 667.
591 800 704 858 bellum
723 820 791 859 cum
810 803 920 877 logm-
948 806 1006 860 atio
1031 802 1083 865 ιἰ7,
1104 808 1168 860 101.
1191 831 1221 841 -
1244 800 1316 858 Eius
1337 819 1458 857 causam
1478 805 1520 868 (a.
1534 819 1564 857 ιι.
1578 819 1608 858 c.

166 921 168 925 ,
264 876 314 931 tha
338 872 452 951 gerere
483 877 626 953 frequens
658 878 786 952 populus
819 879 917 934 iussit.
948 878 1030 951 658.)
1050 879 1107 932 etsi
1129 895 1232 933 omncs
1253 876 1326 933 boni
1345 874 1536 1008 probabant,
1562 887 1612 933 ta·

265 948 327 1006 Sed
350 962 472 1008 seuatns
499 954 589 1027 paulo
618 964 688 1009 aute
714 953 836 1011 Metello
867 953 921 1009 de·
949 971 1136 1027 strenueque
1160 964 1282 1008 senatus
1302 970 1342 1026 pu
1364 953 1421 1009 lice
1441 969 1540 1028 neque
1559 952 1611 1008 ul·

262 1037 421 1094 creverat;
450 1046 484 1084 ea
508 1046 558 1084 res
578 1029 690 1086 frustra
714 1030 779 1085 luit.
804 1028 850 1084 lb.
873 1035 918 1088 75.
949 1032 996 1086 lus
1023 1027 1099 1084 ordo
1124 1030 1247 1103 proprie
1270 1030 1453 1104 nequeatis
1477 1029 1609 1084 decretis

262 1101 442 1160 -Tlaalam
458 1104 549 1178 capit.
581 1102 659 1160 lbid.
676 1110 722 1164 76.
743 1134 779 1147 -
801 1104 921 1161 Certior
949 1105 1033 1161 Italia
1068 1114 1176 1159 cuncta
1208 1114 1393 1179 susceperat.
1444 1104 1494 1160 Ad
1524 1121 1610 1160 suam

265 1174 301 1234 fit
325 1180 517 1252 provinciam
543 1179 714 1236 Numidiam
740 1179 839 1236 Mario
867 1179 922 1236 da·
950 1182 1029 1237 enim
1041 1178 1191 1254 quandam
1203 1182 1296 1255 tnagis
1311 1178 1361 1235 illc
1375 1177 1502 1255 gloriam
1539 1197 1609 1235 uam

264 1262 342 1321 tarn3
374 1255 442 1330 quis
465 1252 556 1311 relius
582 1274 674 1331 supm
696 1253 810 1311 bonum
834 1268 921 1332 atque
950 1255 987 1312 ad
1016 1258 1207 1330 perspicuam
1240 1254 1367 1311 salntem
1394 1256 1439 1311 rei
1468 1200 1609 1329 publicae

265 1328 426 1386 honestum
452 1330 612 1405 perculsus
627 1348 679 1399 ,nc
703 1350 739 1386 ue
771 1331 921 1388 lacrumas
950 1336 1119 1407 spectarat,
1150 1349 1218 1387 cum
1254 1348 1332 1386 unus
1364 1333 1395 1387 in
1428 1331 1525 1405 legam
1558 1329 1607 1397 (de

266 1414 369 1461 tenere
397 1424 495 1482 neque
522 1350 842 1481 rander-arilingtrarrr:
874 1411 922 1463 uir
950 1426 1025 1482 agro
1057 1404 1210 1464 Cimbrico
1243 1405 1425 1473 dividundo)
1456 1425 1513 1481 per
1546 1408 1606 1463 rim

195 1495 205 1512 ⁸
265 1481 406 1557 egregius
420 1483 452 1537 iu
467 1481 533 1538 aliis
547 1481 663 1538 artibus
684 1484 772 1538 nimis
792 1482 922 1539 molliter
950 1482 1041 1539 latam
1061 1483 1162 1538 iurare
1181 1482 1331 1537 noluerat.
1353 1491 1410 1537 cet.
1435 1501 1490 1553 pro
1506 1480 1607 1539 Sestio

266 1555 486 1708 sentim:
525 1557 786 1699 malitae
807 1558 921 1710 llll}
950 1562 1067 1691 {aa
1083 1586 1122 1689 ῐῑ.
1140 1557 1348 1691 {inim
1368 1556 1609 1691 intueat

266 1706 305 1764 ad
337 1706 492 1767 Bocchum
523 1710 605 1764 misit
641 1706 846 1783 postulatum,
883 1728 921 1765 ne
951 1710 985 1767 C.
1016 1708 1129 1766 Marius
1161 1709 1240 1784 apud
1266 1710 1410 1783 populum
1437 1708 1609 1765 Romanum

267 1784 333 1839 sine
353 1801 444 1839 causa
464 1784 560 1839 bostis
580 1783 692 1859 populo
711 1784 848 1841 Romano
866 1782 922 1842 fre-
951 1786 1127 1841 criminatus
1151 1795 1204 1840 est.
1225 1783 1261 1840 de
1284 1782 1346 1843 od.
1368 1791 1403 1850 5,
1428 1792 1483 1850 20,
1506 1789 1553 1846 79.
1570 1813 1610 1828 -

266 1868 330 1924 ret;
353 1856 464 1914 bellom
484 1861 630 1916 intactum
650 1859 791 1916 trabitur.
816 1859 859 1917 lb.
875 1864 922 1921 85.
950 1861 987 1917 ln
1005 1878 1072 1915 cum
1092 1858 1277 1917 Saturninus
1298 1860 1441 1936 populum
1460 1861 1610 1916 incitavit.

265 1963 305 1978 -
322 1933 482 1991 Exercitus
502 1933 601 1991 Mario
629 1935 760 1992 traditur
781 1937 847 1994 aP.
864 1935 922 1991 llu-
952 1937 988 1993 de
1007 1935 1100 2010 Legg.
1127 1942 1233 2001 5,11,
1256 1939 1304 1995 26.
1329 1968 1359 1979 -
1382 1933 1420 1991 Ei
1439 1935 1609 2010 Appuleius

269 2010 336 2067 tilio
349 2009 467 2085 legato;
493 2010 801 2067 namltietelluscoua
825 2021 924 2068 ectum
952 2011 1136 2067 Saturninus
1169 2028 1258 2067 eausa
1286 2011 1369 2067 exilii
1395 2010 1458 2067 fuit.
1501 2009 1608 2067 Schol.

266 2084 360 2142 Marii
387 2086 516 2160 fugerat.
557 2085 602 2143 lb.
634 2091 682 2147 86.
716 2114 752 2127 -
818 2085 922 2142 ctellus
951 2086 1027 2143 Bob.
1050 2096 1129 2160 post.
1157 2085 1222 2142 red.
1246 2085 1284 2143 ad
1329 2105 1379 2161 op.
1408 2082 1527 2161 11:252.
1553 2104 1613 2160 pro

203 2202 207 2208 -
267 2160 394 2217 Romam
420 2161 575 2235 proiectus
600 2171 818 2237 contra‘apem
839 2181 923 2217 suam
952 2162 1076 2218 Plancio
1100 2181 1129 2236 p.
1153 2167 1219 2218 272.
1245 2190 1275 2202 -·
1329 2161 1494 2219 .llletellus
1518 2164 1614 2218 cessit

266 2237 449 2294 laetissumis
484 2238 593 2294 animis
632 2239 803 2313 excipitur,
842 2235 924 2312 plebi
953 2237 987 2293 L.
1002 2235 1171 2294 Saturnino
1186 2236 1308 2294 furenti.
1331 2237 1508 2294 Pseudocic.
1523 2245 1614 2293 aute-

268 2309 480 2387 patribusque,
506 2323 664 2388 postquam
685 2312 796 2370 invidia
818 2313 923 2369 deces·
953 2318 1041 2390 qtram
1063 2317 1121 2369 iret
1141 2313 1172 2368 in
1195 2330 1242 2369 ex.
1269 2322 1321 2377 11,
1344 2321 1391 2374 27.
1413 2340 1449 2355 -
1467 2311 1613 2369 Saturni-

267 2396 367 2454 secat,
394 2388 477 2443 iuxta
507 2405 606 2444 carus.
639 2386 685 2443 lb.
711 2395 758 2449 88.
789 2419 819 2429 -
848 2388 922 2445 Cum
953 2407 1008 2444 nus
1039 2389 1076 2444 de
1106 2387 1228 2444 Metello
1253 2390 1341 2453 tulit,
1371 2398 1403 2444 ut
1425 2390 1451 2444 ei
1479 2406 1555 2464 aqna
1581 2397 1615 2443 et

267 2480 391 2519 causam
415 2462 453 2520 de
497 2466 613 2520 ecuuiis
642 2465 818 2540 repetundis
840 2464 924 2520 dice·
953 2467 1016 2537 igni
1037 2463 1280 2523 interdiceretur.
1303 2482 1359 2538 pro
1381 2464 1470 2520 domu
1490 2471 1540 2531 51,
1561 2469 1610 2523 82.

265 2549 332 2607 ret,
361 2537 429 2607 ille,
456 2480 506 2597 itia
533 2542 598 2605 vir,
629 2542 678 2596 cui
700 2543 819 2616 patriae
843 2541 923 2595 salus
952 2539 1029 2597 lhid.
1051 2543 1105 2605 52,
1130 2543 1176 2597 87.
1201 2568 1231 2579 -—
1254 2538 1318 2595 Nec
1338 2539 1372 2594 P.
1396 2538 1534 2613 Popilius
1555 2556 1612 2594 ue-

266 2613 386 2671 dulcior
407 2632 497 2691 qnam
516 2626 697 2690 conspectus
716 2617 789 2682 suit,
813 2617 863 2691 qui
887 2614 922 2671 de
952 2634 1010 2691 que
1031 2614 1069 2687 Qt
1088 2614 1243 2683 Metellus,
1266 2615 1426 2672 clarissimi
1450 2615 1611 2688 sitiatque

267 2692 390 2747 civitate
418 2689 565 2747 decedere
589 2710 680 2767 quiam
708 2692 744 2748 de
773 2693 923 2747 sententia
953 2690 1145 2766 amplissimi,
1170 2694 1231 2747 vim
1249 2688 1439 2746 tribuniciam
1456 2692 1610 2745 sustinere

267 2764 388 2831 maluit,
427 2765 484 2822 hoc
516 2768 608 2839 igitur
638 2785 760 2823 causam
791 2767 922 2832 dicente,
974 2778 1127 2822 otnerunt.
1165 2784 1222 2841 pro
1251 2764 1390 2822 Cluentio
1420 2771 1472 2833 55,
1499 2768 1551 2824 95.
1574 2793 1607 2805 -·

267 2841 444 2916 cumipsins
461 2839 580 2898 tabulae
597 2843 865 2899 circumferrentur
879 2844 924 2898 in·
987 2843 1059 2898 aluit
1080 2849 1111 2898 in
1133 2842 1256 2897 exilium
1278 2844 1322 2898 ire
1344 2859 1433 2918 qnam
1454 2842 1558 2897 iurare
1578 2842 1610 2897 in

268 2914 419 2992 spiciendi
438 2919 571 2974 nominis
594 2935 703 2983 cansa,
730 2918 824 2974 fuisse
845 2918 925 2977 iudi·
954 2919 1104 2989 agrariam
1128 2918 1226 2992 legem
1256 2917 1370 2983 tribuni
1400 2916 1441 2991 pl.
1464 2915 1610 2991 Appuleii

269 3010 337 3049 cem
358 3009 397 3047 ex
420 2991 479 3048 illis
502 2989 651 3070 equitibus
676 2992 731 3049 llo.
761 2996 923 3060 nennnem,
955 2992 1123 3049 Saturnini.
1166 2992 1268 3049 Schol.
1292 2991 1370 3050 Bob.
1400 3011 1457 3067 pro
1483 2992 1611 3049 Plancio

268 3069 342 3144 quin
361 3079 531 3143 removeret
550 3067 654 3124 oculos
670 3077 727 3125 cet.
775 3087 810 3124 ru
829 3066 925 3125 Balbo
955 3089 984 3144 p.
1004 3076 1071 3127 272.
1095 3099 1129 3111 -
1151 3067 1188 3140 Q.
1211 3068 1349 3124 Metellus
1373 3067 1409 3124 L.
1423 3068 1458 3123 F.
1471 3067 1610 3124 Numidi-

268 3148 375 3211 5,11.
407 3170 444 3187 ·-
469 3142 602 3199 Tabulas
626 3143 738 3201 Metelli
753 3088 924 3213 llumidicL
954 3161 1027 3211 cus,
1049 3145 1232 3201 sanissimus
1263 3145 1310 3200 vir
1343 3160 1469 3220 incoque
1498 3142 1609 3199 iudicio

269 3235 339 3275 cum
378 3234 448 3284 eae,
488 3230 522 3275 nt
554 3236 619 3274 uros
648 3231 710 3287 est,
748 3220 927 3277 circumier—
955 3223 1088 3276 oninium
1119 3219 1326 3293 magnitudine
1357 3220 1449 3276 annui
1482 3228 1514 3275 et
1537 3235 1612 3275 con·

272 3302 399 3361 rentur,
428 3295 525 3351 nostri
552 3294 665 3351 iudices
688 3297 847 3371 adspicere
870 3315 926 3353 no·
955 3297 1065 3352 stantia
1092 3296 1388 3370 praestantissimus,
1417 3308 1533 3355 suntuna
1557 3311 1613 3347 ro-

269 3368 401 3426 lueruut.
429 3368 465 3425 ad
489 3369 552 3426 Att.
579 3374 687 3436 1,16,
712 3378 740 3430 d.
766 3371 927 3427 -Metel-
956 3371 1068 3426 luntate
1099 3376 1153 3438 (cx
1175 3369 1278 3437 Urbe)
1309 3372 1400 3427 cessit
1430 3380 1460 3424 et
1487 3371 1612 3444 egregia

269 3446 317 3502 lus
347 3443 522 3503 Numidicus
551 3446 648 3502 noluit
673 3464 727 3502 soa
757 3447 925 3504 laudatione
955 3448 1045 3502 animi
1063 3446 1218 3502 alacritate
1234 3445 1329 3501 abfuit
1348 3463 1445 3522 neque
1466 3460 1541 3500 saue
1562 3460 1614 3499 re·

271 3523 377 3578 iuvare
395 3519 431 3576 L.
450 3520 608 3589 Lucullum
628 3521 761 3596 (Pontici
783 3529 923 3597 patrem),
954 3520 1020 3577 dire
1040 3524 1168 3579 curavit.
1209 3522 1388 3598 Neutiquam
1408 3528 1453 3588 (ut
1471 3518 1615 3575 nonnulli

271 3596 388 3653 sororis
402 3597 519 3665 virum,
538 3599 657 3673 quicum
680 3600 793 3672 optime
812 3617 926 3655 conve·
956 3594 1116 3664 volebant)
1141 3607 1210 3671 post
1232 3595 1361 3653 reditum
1384 3597 1482 3652 fracto
1508 3596 1615 3651 animo

270 3673 376 3728 nisset.
415 3671 504 3728 Verr.
526 3675 671 3729 Accusat.
691 3678 726 3741 d,
740 3676 794 3740 65,
810 3677 876 3735 1117.
890 3699 924 3714 -
954 3684 983 3728 et
1006 3671 1138 3729 demisso
1156 3672 1221 3728 fuit.
1245 3672 1282 3729 ad
1296 3673 1379 3728 Fam.
1393 3678 1427 3737 1,
1451 3679 1485 3737 9,
1509 3676 1558 3729 16.
1573 3698 1614 3714 -

272 3746 505 3804 Laudatureiua
520 3750 677 3822 integritas
695 3749 925 3805 inaestimanda
955 3748 1043 3803 Hunc
1073 3767 1129 3824 ego
1161 3749 1259 3804 civem
1293 3766 1361 3804 meo
1395 3746 1506 3803 iudicio
1539 3763 1614 3802 cum

270 3824 434 3881 framenta.
473 3822 563 3880 Vera.
584 3825 726 3880 Accusat.
748 3828 776 3889 5,
794 3827 843 3892 90,
857 3828 923 3883 209.
954 3824 1077 3880 deornm
1098 3823 1310 3881 immortalium
1330 3821 1418 3880 laude
1437 3822 1611 3898 coniungo;

272 3926 309 3943 -
328 3897 404 3956 Erat
423 3899 553 3955 Archias
573 3898 720 3956 ineundus
747 3898 784 3970 Q.
804 3899 925 3957 Metello
954 3903 1004 3975 qui
1030 3900 1065 3958 C.
1091 3899 1132 3956 illi
1155 3898 1270 3966 Mario,
1299 3900 1464 3956 fortissimo
1486 3899 1556 3954 viro
1581 3906 1615 3952 et

270 3973 316 4031 illi
342 3972 503 4031 Numidico
533 3985 562 4031 et
592 3976 657 4030 eins
681 3975 736 4032 Pio
759 3973 832 4032 lilio.
868 3995 925 4050 pro
954 3976 1071 4031 consuli
1094 3985 1123 4031 et
1146 3986 1262 4032 sextum
1286 3975 1403 4032 consuli
1424 3985 1455 4031 et
1476 3974 1540 4033 cius
1561 3974 1613 4028 in·

270 4047 386 4107 Archia
412 4053 447 4117 5,
469 4054 498 4110 6.
525 4080 563 4093 -
582 4049 719 4107 Metellus
749 4050 925 4108 Numidicus
955 4053 1042 4109 victis
1066 4049 1252 4124 legionibus,
1284 4069 1322 4107 ne
1345 4053 1438 4107 armis
1459 4047 1615 4123 conflige-

334 4126 393 4181 tins
422 4143 510 4202 quam
542 4124 580 4197 Q.
609 4123 926 4184 CaeciliusMetellus
955 4139 1019 4191 ret,
1043 4125 1211 4183 cedendum
1237 4144 1303 4182 esse
1330 4124 1426 4182 duxit.
1449 4126 1480 4181 in
1503 4124 1614 4187 Pison.

302 4216 375 4275 epos
397 4218 460 4257 cos.
479 4219 507 4257 a.
526 4220 556 4257 u.
576 4220 605 4257 c.
626 4206 704 4267 656.)
722 4202 800 4257 salse
819 4221 926 4277 repre·
955 4210 988 4269 9,
1019 4209 1065 4257 2ο.
1097 4232 1127 4243 -
1157 4202 1234 4258 Eum
1267 4213 1387 4259 constat
1419 4199 1616 4257 invitissimis

271 4277 384 4334 lienam
404 4285 531 4351 propter
551 4276 652 4334 villam
670 4276 861 4334 Tiburtinam
883 4280 927 4334 u'i-
955 4280 1030 4334 viris
1052 4274 1142 4334 bonis
1168 4278 1311 4344 cessisse,
1343 4294 1400 4335 uec
1431 4276 1524 4333 fuisse
1555 4275 1618 4330 du-

272 4352 331 4406 mis
362 4350 553 4425 magnificam
583 4370 600 4407 a
632 4351 666 4409 C.
695 4352 771 4409 lulio
795 4352 925 4410 Caesare
954 4353 1053 4420 bium,
1073 4354 1146 4428 quin
1171 4357 1365 4410 contentione
1387 4363 1417 4409 ct
1439 4353 1533 4408 armis
1556 4368 1618 4405 sn-

274 4422 435 4483 Strabone.
469 4426 507 4484 de
532 4427 587 4486 Or.
612 4433 648 4496 2,
674 4430 730 4497 68,
754 4433 821 4489 275.
848 4430 925 4501 (cir.
956 4431 1059 4504 perior
1085 4439 1189 4502 posset
1214 4446 1280 4485 esse
1307 4439 1364 4487 cet.
1400 4446 1456 4502 pro
1484 4426 1617 4483 Plancio

273 4500 496 4577 Heariclneu.)
524 4533 560 4548 -·
590 4502 703 4561 Metelli
738 4522 774 4560 ec
807 4504 927 4574 Luculli
955 4510 1008 4571 56,
1033 4508 1079 4564 68.
1106 4533 1136 4544 -
1158 4503 1231 4561 Eius
1251 4505 1333 4581 iuga.
1365 4502 1401 4560 de
1421 4503 1497 4578 ch.
1522 4511 1558 4567 1,
1582 4504 1614 4567 5,

270 4576 361 4634 villae
402 4580 533 4651 pessimo
571 4577 694 4655 publico
739 4578 923 4645 aedificatae.
952 4582 982 4638 ’6.
1012 4609 1042 4620 -
1071 4577 1149 4635 Eius
1175 4598 1262 4637 casus
1294 4580 1342 4636 uel
1374 4578 1526 4655 gloriosus
1563 4580 1615 4635 rel

272 4652 372 4710 Varro
392 4651 455 4711 Ru.
478 4661 511 4723 1,
535 4657 587 4720 15,
610 4663 637 4715 7.
662 4684 692 4696 -
714 4655 761 4723 Is,
784 4654 926 4712 eumilo·
975 4654 1067 4710 ravis.
1090 4674 1147 4730 pro
1174 4654 1273 4713 Sestio
1296 4658 1351 4722 62,
1374 4659 1440 4714 150.
1474 4682 1505 4695 -·
1536 4653 1614 4710 Eius

271 4738 388 4785 rentem
410 4730 613 4787 hominem.in
632 4731 772 4806 populari
795 4739 923 4798 ratione,
954 4676 991 4789 ie
1008 4731 1106 4806 patria
1126 4731 1277 4793 discessus
1298 4730 1441 4788 molestus
1459 4728 1614 4800 omuibus,

270 4803 308 4861 L.
329 4802 544 4872 Saturninum,
566 4823 676 4863 censor
690 4818 824 4864 notasset
841 4825 925 4864 eum·
953 4809 962 4863 i
985 4806 1012 4862 si
1042 4823 1079 4864 ne
1112 4806 1267 4864 luctuosus
1297 4806 1418 4883 quidem
1444 4816 1492 4862 est
1511 4809 1609 4864 risus.

269 4896 327 4959 que
354 4881 510 4937 insitivum
533 4879 704 4940 Gracchum
732 4893 840 4940 contra
863 4883 925 4940 rim
980 4881 1115 4940 estred.
1141 4884 1173 4941 in
1196 4900 1259 4940 sen.
1283 4891 1334 4953 10,
1360 4888 1407 4943 25.
1432 4912 1464 4927 -
1485 4882 1547 4941 Pro
1568 4882 1608 4957 Q.
