3288 5594
252 309 315 372 616
675 311 728 375 Μ.
750 309 952 376 TULLIUS
976 307 1163 376 CICERO.

248 460 386 526 putemus
404 444 481 516 fore,
504 451 591 506 etiarn
608 442 699 507 vitam
714 449 834 508 elfieere
849 450 902 508 de·
931 453 975 506 sic
995 453 1075 507 eniin
1090 453 1184 509 inseri
1207 453 1233 508 si
1252 479 1285 495 -
1304 450 1533 512 Sabiuotuocou·

248 526 397 601 plorando
413 527 621 583 niiseriureuii'
648 527 785 583 Fecimus
800 529 856 583 hoc
871 529 899 583 iu
931 526 1099 583 mendavi.''
1126 528 1162 583 ad
1199 546 1256 583 ain.
1272 532 1315 595 it,
1328 534 1375 595 20,
1387 528 1536 598 1.—,0ii·

249 620 285 657 eo
305 600 395 668 libro,
418 603 448 657 in
469 620 528 679 quo
549 614 664 659 nosmet
684 603 783 675 ipsos.
826 621 903 659 uau-
932 615 1027 658 torein
1047 620 1143 658 meum
1163 614 1247 660 tauto
1267 623 1358 679 opere
1377 623 1392 659 a
1411 604 1537 679 te(l.epti)

247 687 312 732 tnui
346 679 486 746 uiuimus,
501 678 647 734 consolati
658 680 789 735 suinus.'’
805 624 900 735 base.
932 676 1054 754 probari
1072 680 1263 736 vehementer
1276 680 1400 755 gaudeo.
1425 678 1538 756 tritiqu-

248 760 278 818 1,
300 697 348 818 dd.
369 758 417 813 86.
439 782 474 796 -
495 752 618 825 ,Quint
646 754 696 829 qui
719 773 777 810 uon
798 765 904 829 putant
933 756 998 810 dein
1019 756 1063 810 sic
1082 755 1267 829 persuadeo,
1285 773 1344 821 me,
1385 754 1537 830 uidqiiidln·

248 827 409 901 lugendum
429 829 527 885 viria?
551 828 647 905 qualia
667 831 723 886 init
743 829 781 901 Q.
803 830 902 887 Maxi·
933 829 1049 886 bueriin
1075 830 1177 887 iudicii
1206 830 1243 886 dc
1269 774 1411 896 dicendo,
1440 849 1466 885 in
1486 830 1539 886 illm

248 922 316 961 mus
336 903 465 960 efferens
485 901 577 960 filiuni
597 905 805 960 consularem:
826 925 904 983 qua·
934 903 1043 962 librum
1057 906 1229 962 contulisse.
1251 904 1310 977 Qui
1324 908 1350 962 ai
1362 905 1541 982 ruraliaqu-

248 978 287 1035 lis
307 979 343 1035 L.
365 979 503 1047 Paullus,
531 978 648 1043 dnobus
675 982 778 1055 paucis
799 982 903 1038 diebus
934 980 990 1036 lein
1007 978 1308 1043 tibivideriscribis,
1329 983 1542 1056 egoquoqucal-

251 1057 369 1110 amissis
395 1053 481 1112 filiis:
510 1056 606 1132 qualis
627 1056 667 1112 Μ.
691 1055 784 1125 Ceto,
815 1075 902 1132 prae·
934 1056 1002 1131 quid
1017 1074 1100 1122 suiu;
1122 1058 1169 1113 sin
1183 1057 1280 1122 aliter,
1301 1074 1364 1112 noo
1378 1059 1541 1132 reeuaoquin

249 1141 316 1186 tore
336 1131 491 1207 designato
505 1143 623 1188 mortuo
636 1130 717 1188 lilio:
739 1134 840 1207 quales
854 1151 904 1188 re·
933 1142 1076 1207 quantum
1101 1130 1136 1188 de
1156 1132 1209 1188 illu
1230 1129 1325 1197 libro,
1357 1131 1543 1191 tantundende

155 1246 158 1255 .
249 1204 904 1282 liqui,quoainConsolationecollegimus.‘’
933 1209 989 1263 mei
1006 1207 1107 1263 iudicii
1124 1207 1419 1277 inmadetrpliaturJ‘
1447 1209 1478 1263 ad
1489 1206 1545 1261 liii

251 1281 417 1349 Turonis,
433 1289 480 1348 28.
496 1291 543 1344 70.
567 1311 598 1324 -
620 1282 720 1353 ,Sunt
732 1286 832 1351 etiarn,
853 1286 904 1359 qui
931 1286 961 1350 6,
981 1287 1027 1348 18,
1047 1282 1074 1338 l.
1094 1312 1131 1328 -
1149 1284 1207 1353 ,ln
1220 1282 1352 1340 Oratore
1365 1292 1417 1338 tuo
1428 1299 1502 1338 cares
1511 1280 1545 1337 tibi

249 1356 324 1414 haec
351 1359 451 1414 ninnia
477 1376 587 1435 genera
615 1359 794 1416 consolandi
822 1360 904 1415 colli·
933 1377 986 1434 per
1000 1356 1127 1415 Brutum
1144 1369 1174 1415 et
1185 1358 1222 1414 ad
1236 1359 1456 1415 excusationem
1467 1359 1546 1413 sociis

251 1443 340 1506 ganta
368 1432 443 1489 alius
464 1437 543 1489 eniin
563 1434 620 1491 alio
640 1435 730 1492 modo
749 1446 902 1492 movetur:
934 1434 1084 1510 quaeris.''
1110 1436 1148 1491 A.
1166 1434 1307 1499 Caecina,
1323 1434 1362 1490 ad
1375 1434 1453 1489 Fani.
1465 1441 1489 1497 6,
1501 1437 1547 1495 ni.

249 1519 283 1563 ut
301 1511 365 1566 lere
386 1527 440 1565 uos
461 1511 491 1565 in
513 1509 725 1568 Consolatione
753 1515 852 1571 oinnia
874 1514 902 1567 in
936 1539 967 1550 -
990 1510 1117 1567 Torrcii.
1158 1510 1223 1581 ,Ut
1242 1513 1373 1584 primum
1393 1508 1471 1567 Velia
1490 1508 1547 1563 niri-

250 1584 485 1640 consolationem
505 1603 595 1641 unani
615 1588 813 1653 coniecimns;
840 1596 905 1642 erat
933 1604 1004 1660 gare
1020 1586 1118 1656 coepi,
1141 1586 1256 1641 institui
1272 1585 1389 1661 Topica
1406 1584 1548 1640 Aristotelei

250 1663 330 1715 euim
356 1661 387 1714 in
415 1670 531 1717 tumore
558 1662 674 1717 animus
701 1673 731 1718 et
756 1664 853 1718 oinnis
874 1666 903 1717 in
934 1658 1137 1718 conscribere.
1176 1661 1216 1735 (a.
1262 1679 1318 1716 .c.
1341 1660 1422 1734 710.)
1452 1658 1549 1714 Eunli-

249 1753 285 1790 eo
304 1733 477 1791 tentabatur
497 1738 622 1793 curatio.
655 1737 779 1795 Tuscul.
805 1733 901 1804 indi,
934 1735 1020 1793 lirum
1037 1733 1091 1792 tibi
1109 1738 1176 1793 miri
1193 1679 1317 1866 Rffiu,
1341 1726 1549 1810 adriptuniquiu

141 1824 147 1851 t
250 1811 587 1885 76.-,Aegritudinis
598 1812 711 1868 sedatio
726 1825 754 1870 et
765 1816 904 1871 hesterna
953 1812 1105 1871 laniaaiine
1129 1831 1178 1868 res
1203 1814 1223 1867 il
1273 1809 1369 1868 scribi
1390 1809 1499 1886 potuit''
1527 1807 1551 1862 il

249 1885 450 1959 disputatione
477 1887 624 1961 explicata
652 1899 697 1944 est
723 1897 752 1943 et
775 1892 805 1945 in
826 1887 905 1945 Con·
933 1831 1015 1943 bain.
1037 1896 1072 1954 7,
1096 1890 1147 1953 19,
1171 1898 1197 1944 1.
1219 1887 1321 1942 -Dr
1341 1902 1550 1943 orrriiourinir

249 1962 407 2016 solutionis
427 1958 523 2029 libro,
550 1982 637 2039 qneiu
658 1967 688 2019 iii
711 1964 807 2021 inediu
829 1971 903 2029 (uun
934 1981 1066 2018 niceam.
1090 1961 1161 2031 ,Me
1172 1965 1262 2030 scito,
1274 1962 1345 2018 dum
1356 1974 1389 2017 tu
1399 1960 1483 2024 absis,
1494 1960 1552 2036 quasi

248 2037 329 2091 eaiin
359 2038 508 2111 sapientes
539 2045 676 2106 eraiuus)
709 2056 846 2096 maerore
876 2050 904 2095 et
933 2040 1123 2109 occasionem
1143 2036 1294 2114 quandam
1314 2048 1346 2093 et
1365 2037 1553 2117 licentiaunt·
1593 2056 1595 2127 p

208 2138 212 2151 ι
249 2111 352 2167 dolore
380 2115 633 2186 conscripsimus;
666 2114 802 2191 quodque
824 2123 905 2170 vetat
934 2123 1012 2168 ctum
1026 2112 1160 2169 scribere
1175 2111 1337 2169 audacius:
1359 2122 1390 2168 et
1407 2123 1495 2169 ceteri
1508 2128 1554 2185 qni·

212 2206 218 2213 ·
249 2187 455 2263 Chrysippus,
484 2189 521 2245 ad
542 2201 680 2246 recentes
704 2194 790 2267 quasi
808 2200 906 2245 tumo·
933 2187 1001 2243 dein
1022 2188 1162 2254 fortasse,
1185 2207 1259 2265 quae
1279 2191 1371 2245 etiarn
1391 2198 1423 2244 tu
1442 2184 1554 2270 coneedij
1595 2156 1596 2225 i

247 2281 298 2319 rea
319 2266 412 2319 animi
432 2264 595 2321 remedium
616 2265 774 2331 adhibere,
798 2264 826 2321 iel
848 2283 904 2319 nos
933 2281 1001 2319 res:
1024 2263 1076 2319 sed
1094 2263 1231 2338 proxime
1248 2273 1287 2330 (a.
1299 2283 1330 2319 n.
1344 2282 1373 2319 o.
1387 2267 1459 2330 709.)
1476 2277 1555 2334 scripsi
1596 2256 1597 2325 l

248 2340 385 2406 ieciuiua,
407 2349 590 2417 naturaeque
610 2343 672 2397 viiii
688 2342 849 2407 attulimus,
872 2350 903 2395 nt
934 2339 969 2393 de
984 2341 1097 2412 optimo
1111 2357 1222 2414 genere
1233 2339 1371 2403 dicendi;
1391 2341 1554 2412 inquosiepe
1597 2356 1598 2407 i

247 2412 448 2485 magnitudini
468 2416 636 2473 medicinae
657 2415 775 2473 doloris
791 2417 905 2492 magni·
933 2417 1102 2487 suspicatus
1123 2432 1188 2469 suin
1206 2424 1264 2470 tea
1279 2414 1394 2471 iudicio
1414 2424 1514 2476 nostru,
1528 2412 1555 2464 ιιι
1598 2458 1599 2481 1

248 2491 321 2546 tudo
347 2492 557 2548 concederet.‘'
582 2521 619 2536 -
646 2492 691 2548 Dr
713 2490 901 2548 Srnrcrorr.
933 2491 1066 2555 seilicet,
1097 2499 1129 2544 ut
1151 2489 1271 2545 doctum
1294 2492 1445 2545 lioinineni
1465 2487 1497 2542 ab
1516 2502 1555 2541 noi

248 2564 414 2638 ,Oinoiuui
439 2585 558 2633 rerum,
589 2586 626 2623 ex
656 2566 763 2645 quibus
793 2565 902 2643 aliquid
933 2566 1073 2631 indocto,
1095 2564 1257 2638 paullulum
1276 2565 1435 2621 dissidere.
1464 2563 1557 2619 Huictr
1599 2558 1600 2565 ’

248 2643 430 2717 acquiritur,
465 2643 538 2698 niliil
565 2652 611 2699 est
635 2663 650 2698 a
674 2642 818 2699 ricultura
845 2659 904 2697 nie·
934 2639 1012 2696 libro
1032 2642 1159 2696 niaxiiue
1181 2640 1330 2697 uelim-ex
1349 2643 1465 2705 auimo,
1483 2636 1557 2694 sini·
1600 2658 1601 2667 ¹

247 2715 318 2781 lius,
340 2717 414 2773 nibil
434 2716 568 2785 uberius,
591 2663 807 2783 nihriuuteius,
829 2717 903 2773 nihil
934 2735 1002 2781 iius,
1024 2717 1139 2793 gratiae
1159 2735 1249 2773 cansa
1270 2714 1451 2788 suffragare.
1480 2713 1557 2769 Dicin

246 2790 367 2847 liomiue
393 2791 490 2849 libero
516 2794 651 2871 dignius:
683 2795 719 2849 de
744 2813 804 2881 qna
831 2812 906 2870 qiio-
934 2794 1003 2859 tuis,
1026 2802 1057 2847 ut
1078 2810 1156 2859 euin,
1178 2795 1205 2848 si
1225 2790 1335 2859 velint,
1359 2786 1519 2873 describant
1533 2782 1557 2840 il

248 2869 329 2923 niani
359 2869 390 2924 iii
422 2869 535 2927 Catone
569 2873 680 2926 maiore
701 2880 784 2926 ¹satis
813 2867 903 2923 multa
934 2878 1021 2940 teque
1035 2870 1164 2923 initiant.
1194 2867 1271 2923 Puto
1282 2869 1375 2933 enim,
1391 2866 1558 2922 etiarnsireu

249 2942 388 3011 diximus,
411 2944 494 3000 illinc
515 2963 659 3010 assumes,
682 2964 758 3021 quae
775 2943 812 3000 ad
825 2944 904 3003 liune
933 2944 1031 2997 minus
1053 2940 1211 3017 proberis,
1232 2952 1333 2998 tamen
1356 2945 1389 2997 iu
1409 2945 1462 2998 ista
1480 2937 1559 2993 solitu·

248 3016 347 3074 lueuui
374 3017 597 3093 pertinebunt.''
638 3019 674 3076 de
696 3018 785 3077 Oilic.
810 3031 834 3083 ι,
855 3020 902 3087 62,
934 3016 1014 3082 dine,
1037 3019 1180 3094 quidquid
1197 3036 1273 3075 aine
1288 3019 1458 3094 proiectum
1471 3016 1512 3079 sit,
1527 3013 1559 3067 iii-

249 3098 315 3151 151.
331 3122 368 3137 -
384 3093 481 3150 Caro.
511 3090 901 3151 visontionensem.
935 3094 1062 3149 cundum
1078 3092 1241 3150 tibilore.”
1268 3095 1305 3149 ad
1319 3085 1561 3150 Cornifieiuncol·

150 3164 153 3179 ¹
248 3167 378 3224 Porcius
395 3167 705 3243 CaroUricrrisia,p.
720 3172 838 3228 ’492-
859 3169 904 3225 Dr
935 3168 1042 3238 legam,
1065 3169 1101 3224 ad
1116 3169 1198 3225 Fam.
1218 3175 1262 3235 12,
1280 3178 1324 3235 17,
1340 3177 1370 3225 2.
1395 3198 1426 3210 -
1447 3166 1560 3245 barrius

250 3242 408 3298 Oraroiir.
449 3241 590 3317 ,Scripsi
610 3245 786 3300 Aristotelio
809 3263 903 3312 more,
935 3244 1001 3314 „De
1016 3246 1145 3300 amicitia
1161 3244 1220 3301 aliu
1238 3244 1317 3301 libro
1334 3242 1448 3301 dietum
1461 3251 1561 3313 ernust

250 3317 497 3392 quemadmodum
519 3319 637 3396 quidem
658 3319 757 3383 volui,
789 3329 852 3375 tres
872 3320 905 3374 li·
935 3316 1112 3375 inscribitur
1125 3318 1274 3377 Laeliiis.¹'
1295 3319 1331 3375 de
1346 3317 1438 3376 offic.
1456 3325 1481 3382 2.
1495 3316 1560 3379 ⁹25¹·

249 3390 322 3448 bros
337 3395 367 3448 iii
381 3393 582 3468 disputatione
599 3413 633 3449 ac
647 3394 766 3465 dialogo
780 3395 815 3451 de
831 3394 907 3451 Ora·
937 3424 963 3437 -
991 3393 1172 3450 Drnroiiiii.
1202 3386 1562 3465 ,Nuncdteamuadegte

250 3478 334 3535 tore,
366 3487 441 3546 quos
467 3468 600 3526 arbitror
621 3470 749 3526 Lentulo
770 3481 820 3527 tuo
841 3472 905 3527 lore
936 3471 998 3525 ria:
1026 3486 1205 3545 quamquam
1227 3490 1260 3527 ea
1284 3468 1403 3547 quoqne
1424 3469 1459 3525 de
1477 3463 1561 3522 redut

251 3562 312 3600 non
334 3544 462 3600 inutiles.
496 3542 671 3602 Abhorrent
691 3548 769 3603 enini
791 3567 806 3602 a
827 3565 907 3602 coin-
936 3556 1005 3601 suut
1028 3552 1122 3601 nostri
1142 3544 1240 3606 libri.”
1273 3545 1309 3602 de
1329 3544 1421 3602 offic.
1443 3539 1561 3609 2,9,6Ι·

250 3619 390 3675 munibus
411 3623 591 3695 praeceptis,
614 3633 701 3698 atque
721 3640 907 3678 oinueiuan·
939 3651 969 3663 -
1001 3620 1047 3676 Dr.
1074 3639 1248 3677 consorano
1273 3640 1337 3677 auo.
1384 3620 1562 3689 ,Placitumu

250 3698 402 3771 tiquorum
423 3706 452 3751 et
464 3696 671 3753 Aristoteliam
689 3707 718 3753 et
731 3698 905 3753 Isocratiam
937 3695 991 3752 tilii
1004 3713 1069 3751 esse
1083 3695 1192 3752 librum
1206 3712 1302 3753 menni
1316 3694 1504 3770 suspicabar:
1520 3700 1563 3744 tau

251 3773 399 3826 rationein
438 3775 602 3828 oratoriam
635 3771 907 3846 complectuntur.''
936 3770 1023 3828 valde
1041 3770 1208 3844 placuisse,
1231 3790 1319 3848 quam
1339 3770 1449 3827 scribis
1468 3768 1562 3845 (auu

228 3844 289 3899 >ad
308 3843 392 3900 Fam.
416 3852 452 3912 1,.
465 3850 494 3912 9,
513 3853 558 3907 23.
578 3846 803 3919 -,Qu0niain
824 3857 906 3903 tanta
938 3849 1018 3915 699.)
1039 3845 1123 3901 valde
1143 3845 1268 3921 gaudeo.
1309 3845 1401 3919 Quod
1423 3841 1564 3901 meadum·

252 3920 322 3976 iaex
341 3932 386 3977 est
405 3922 436 3995 in
457 3919 541 3987 urbe,
563 3932 597 3978 ut
616 3924 688 3980 niliil
706 3936 766 3979 tarn
781 3924 820 3979 sit
833 3924 909 3980 ἀκιι-
938 3940 991 3978 nes
1018 3922 1053 3978 de
1080 3933 1183 3978 nostra
1207 3922 1320 3980 Urania
1347 3921 1520 3996 suadesque.
1541 3921 1564 3967 ¹¹²

254 3999 368 4068 dauon,
388 3999 466 4073 qnod
488 4016 548 4053 uon
568 3998 657 4055 alicui
671 4009 830 4055 venustum
844 4016 908 4053 esse
938 4000 1124 4053 meminerim
1143 3997 1225 4054 Iovis
1246 4001 1431 4066 orationem,
1453 4010 1518 4072 quae
1532 3996 1565 4070 etl

255 4070 411 4127 uideaturi
444 4091 559 4148 pogna,
594 4076 619 4130 si
645 4091 691 4129 nie
719 4092 818 4139 arnas,
851 4074 910 4129 nisi
940 4076 970 4129 in
987 4083 1121 4128 extremo
1134 4072 1184 4129 illo
1199 4071 1294 4129 libro:
1315 4091 1372 4149 ego
1386 4091 1458 4130 vero
1471 4066 1565 4126 ineuiiut

257 4156 343 4203 acuta
371 4150 561 4227 άμᾳιβοιια,
587 4151 647 4206 nisi
672 4149 797 4225 elegans
820 4150 909 4222 imagi-
940 4158 969 4203 et
989 4149 1037 4204 illa
1056 4150 1154 4204 omnia
1172 4150 1244 4206 uiilii
1262 4151 1356 4224 magis
1377 4147 1482 4223 scripsi
1498 4155 1564 4220 quit!

257 4224 351 4301 βιιλή,
379 4224 437 4278 nisi
456 4222 824 4302 nupniyiinpii‘iiuliellum,
853 4227 911 4282 nisi
941 4224 1078 4305 cetpris.”
1105 4223 1143 4279 ad
1163 4224 1201 4295 Q.
1220 4225 1272 4281 Fr.
1292 4234 1323 4290 2,
1346 4232 1376 4291 9,
1399 4231 1426 4279 1.
1447 4216 1564 4290 ηοω

258 4295 420 4353 ridiculum
445 4297 532 4371 παρὰ
552 4300 757 4372 προσδοκίαν,
784 4303 842 4356 nisi
862 4321 912 4358 ce·
942 4302 1041 4374 potius
1056 4311 1124 4354 utar
1137 4311 1187 4354 aut
1200 4310 1323 4356 auctore
1336 4311 1387 4357 aut
1400 4309 1481 4363 teate,
1499 4305 1566 4370 qut·

259 4380 335 4439 tera,
358 4390 432 4448 qnae
452 4385 521 4430 sunt
541 4386 557 4428 a
579 4392 624 4429 ine
640 4378 671 4430 iii
689 4377 822 4432 secundo
835 4376 912 4432 libro
941 4376 995 4431 te?
1023 4377 1107 4431 culus
1129 4373 1237 4431 edidici
1258 4374 1317 4447 (Q.
1339 4368 1565 4447 fraternarum

261 4448 297 4503 de
312 4446 440 4505 Oratore
461 4468 515 4523 per
532 4451 656 4506 Antonii
676 4470 836 4526 personam
851 4455 913 4509 dis·
942 4453 1032 4507 etiarn
1046 4469 1162 4514 versus,
1184 4462 1213 4508 et
1225 4448 1354 4509 libenter
1390 4450 1492 4511 uiden,
1510 4454 1566 4519 q¹t⁰⁸

262 4531 363 4597 putata
385 4522 421 4579 de
440 4525 591 4590 ridiculis,
614 4522 739 4603 ’ἑνιεχνα
759 4538 789 4584 et
809 4542 913 4602 arguta
944 4529 974 4583 iii
992 4527 1125 4582 secundo
1142 4527 1178 4581 de
1197 4526 1362 4584 Consulatu
1408 4525 1485 4581 rania
1502 4531 1566 4575 inest

264 4598 466 4670 apparebunt.
491 4609 525 4655 ut
543 4613 730 4658 sacramento
751 4605 914 4661 contendas
943 4605 1139 4678 pronuntiat:
1162 4603 1302 4672 Principio
1320 4602 1444 4655 aetherio
1454 4598 1566 4669 stame-

264 4690 329 4728 iiiea
351 4694 411 4731 uon
431 4675 528 4731 ease.”
555 4675 591 4730 'ad
609 4675 690 4731 Fani.
712 4686 738 4744 7,
760 4684 808 4745 59,
830 4686 857 4735 2.
882 4710 912 4721 -
943 4689 990 4730 tiis
1012 4680 1138 4749 Iuppiter
1163 4682 1224 4746 igni*
1250 4686 1307 4732 cet.
1353 4678 1389 4734 de
1408 4673 1525 4732 Divinat.
1544 4671 1563 4727 li

264 4776 302 4791 -
323 4747 459 4806 Oiiiiruii.
503 4750 591 4820 „Hoc
619 4751 816 4825 (Oratorem)
849 4774 914 4812 suni
945 4762 992 4822 ιι,
1013 4761 1057 4812 17.
1086 4743 1563 4820 ctr.adriit.i‚19,1u.².⁵·l·

267 4841 426 4897 aggressus
464 4829 566 4883 statiui’
598 4827 710 4885 Catone
749 4829 915 4887 absoluto.''
943 4836 977 4897 2,
1000 4834 1102 4896 ins.
1138 4827 1174 4884 db
1195 4825 1281 4885 Offic·
1301 4837 1334 4895 ί,
1354 4836 1407 4894 22,
1427 4813 1564 4883 7⁶⁸⁸&

268 4898 441 4971 oratorio,
456 4905 503 4965 35.
521 4931 552 4943 -
574 4902 758 4981 ,Oratorem
771 4924 868 4967 meniu
882 4935 912 4950 ·-
943 4922 1006 4967 surr
1026 4921 1222 4969 rrnroaiaiis.
1257 4901 1495 4983 ,Scripiieri'au
1510 4907 1564 4949 rer-
